<?xml version="1.0" encoding="UTF-8"?>
<collection xmlns="http://www.loc.gov/MARC21/slim">
   <record>
      <leader>01366mjm a2200325 a 4500</leader>
      <controlfield tag="001">1790172</controlfield>
      <controlfield tag="005">20170117120244.0</controlfield>
      <controlfield tag="007">sd|bsmennmplne</controlfield>
      <controlfield tag="008">010101s1977    caurcn   d          eng d</controlfield>
      <datafield ind1="0" ind2="2" tag="028">
         <subfield code="b">Warner Bros. Records</subfield>
         <subfield code="a">BSK 3010</subfield>
      </datafield>
      <datafield ind1=" " ind2=" " tag="035">
         <subfield code="a">(NIC)notisAJJ4169</subfield>
      </datafield>
      <datafield ind1=" " ind2=" " tag="035">
         <subfield code="a">(OCoLC)3427557</subfield>
      </datafield>
      <datafield ind1=" " ind2=" " tag="035">
         <subfield code="a">1790172</subfield>
      </datafield>
      <datafield ind1=" " ind2=" " tag="040">
         <subfield code="a">NIC</subfield>
         <subfield code="c">NIC</subfield>
      </datafield>
      <datafield ind1=" " ind2=" " tag="043">
         <subfield code="a">n-us---</subfield>
      </datafield>
      <datafield ind1="2" ind2=" " tag="110">
         <subfield code="a">Fleetwood Mac (Musical group)</subfield>
         <subfield code="4">prf</subfield>
      </datafield>
      <datafield ind1="1" ind2="0" tag="245">
         <subfield code="a">Rumours</subfield>
         <subfield code="h">[sound recording] /</subfield>
         <subfield code="c">Fleetwood Mac.</subfield>
      </datafield>
      <datafield ind1=" " ind2=" " tag="260">
         <subfield code="a">Burbank, Calif. :</subfield>
         <subfield code="b">Warner Bros. Records,</subfield>
         <subfield code="c">p1977.</subfield>
      </datafield>
      <datafield ind1=" " ind2=" " tag="300">
         <subfield code="a">1 sound disc :</subfield>
         <subfield code="b">analog, 33 1/3 rpm, stereo. ;</subfield>
         <subfield code="c">12 in.</subfield>
      </datafield>
      <datafield ind1="0" ind2=" " tag="511">
         <subfield code="a">Songs; performed by Fleetwood Mac.</subfield>
      </datafield>
      <datafield ind1=" " ind2=" " tag="500">
         <subfield code="a">All selections by Fleetwood Mac.</subfield>
      </datafield>
      <datafield ind1=" " ind2=" " tag="500">
         <subfield code="a">Lyrics inserted in container.</subfield>
      </datafield>
      <datafield ind1="0" ind2=" " tag="505">
         <subfield code="a">Second hand news (2:43) -- Dreams (4:14) -- Never going back again (2:02) -- Don't stop (3:11) -- Go your own way (3:38) -- Songbird (3:20) -- The chain (4:28) -- You make loving fun (3:31) -- I don't want to know (3:11) -- Oh daddy (3:54) -- Gold dust woman (4:51).</subfield>
      </datafield>
      <datafield ind1=" " ind2="0" tag="650">
         <subfield code="a">Rock music</subfield>
         <subfield code="x">United States</subfield>
         <subfield code="y">1971-1977.</subfield>
      </datafield>
      <datafield ind1=" " ind2="7" tag="648">
         <subfield code="a">1971 - 1977</subfield>
         <subfield code="2">fast</subfield>
      </datafield>
      <datafield ind1="2" ind2=" " tag="710">
         <subfield code="i">Contained in:</subfield>
         <subfield code="a">Afrika Bambaataa Hip Hop Archive.</subfield>
         <subfield code="b">Annotated LPs.</subfield>
         <subfield code="5">NIC</subfield>
      </datafield>
      <datafield ind1=" " ind2=" " tag="905">
         <subfield code="a">19990429120000.0</subfield>
      </datafield>
      <datafield ind1="2" ind2=" " tag="948">
         <subfield code="a">20141125</subfield>
         <subfield code="b">m</subfield>
         <subfield code="d">batch</subfield>
         <subfield code="e">lts</subfield>
         <subfield code="x">addfast</subfield>
      </datafield>
      <datafield ind1="2" ind2=" " tag="948">
         <subfield code="a">20161214</subfield>
         <subfield code="b">m</subfield>
         <subfield code="d">bak24</subfield>
         <subfield code="e">lts</subfield>
      </datafield>
      <datafield ind1="1" ind2=" " tag="948">
         <subfield code="a">20170117</subfield>
         <subfield code="b">s</subfield>
         <subfield code="d">lap11</subfield>
         <subfield code="e">lts</subfield>
         <subfield code="x">ToAddCatStat</subfield>
      </datafield>
   </record>