
   <record>
      <leader>01307cjm a22003377a 4500</leader>
      <controlfield tag="001">6343040</controlfield>
      <controlfield tag="005">20161222205447.0</controlfield>
      <controlfield tag="007">sd bsmennmplu|</controlfield>
      <controlfield tag="008">921103s1983    nyuuun              eng</controlfield>
      <datafield ind1=" " ind2=" " tag="010">
         <subfield code="a">92774561</subfield>
      </datafield>
      <datafield ind1="0" ind2="0" tag="028">
         <subfield code="a">4Z9-03898</subfield>
         <subfield code="b">CBS Associated Records</subfield>
      </datafield>
      <datafield ind1=" " ind2=" " tag="035">
         <subfield code="a">6343040</subfield>
      </datafield>
      <datafield ind1=" " ind2=" " tag="035">
         <subfield code="a">(OCoLC)27146878</subfield>
      </datafield>
      <datafield ind1=" " ind2=" " tag="040">
         <subfield code="a">DLC</subfield>
         <subfield code="c">DLC</subfield>
         <subfield code="d">OCLCQ</subfield>
         <subfield code="d">NIC</subfield>
      </datafield>
      <datafield ind1="0" ind2="4" tag="245">
         <subfield code="a">The Sound of young New York</subfield>
         <subfield code="h">[sound recording].</subfield>
      </datafield>
      <datafield ind1=" " ind2=" " tag="260">
         <subfield code="a">New York, N.Y. :</subfield>
         <subfield code="b">CBS Associated Records,</subfield>
         <subfield code="c">p1983.</subfield>
      </datafield>
      <datafield ind1=" " ind2=" " tag="300">
         <subfield code="a">1 sound disc :</subfield>
         <subfield code="b">analog, 33 1/3 rpm, stereo. ;</subfield>
         <subfield code="c">12 in.</subfield>
      </datafield>
      <datafield ind1="0" ind2=" " tag="511">
         <subfield code="a">Performed by the Cold Crush Brothers.</subfield>
      </datafield>
      <datafield ind1="0" ind2=" " tag="505">
         <subfield code="a">Punk rock rap (instrumental mix) -- Punk rock rap (party mix) -- Punk rock rap (punk rock mix) -- Punk rock rap (punk rap mix).</subfield>
      </datafield>
      <datafield ind1=" " ind2=" " tag="500">
         <subfield code="a">Brief record.</subfield>
      </datafield>
      <datafield ind1=" " ind2=" " tag="500">
         <subfield code="a">Promotional copy.</subfield>
      </datafield>
      <datafield ind1=" " ind2=" " tag="580">
         <subfield code="a">In: Cornell University Library Hip-Hop Collection.</subfield>
      </datafield>
      <datafield ind1=" " ind2="0" tag="650">
         <subfield code="a">Rap (Music)</subfield>
         <subfield code="y">1981-1990.</subfield>
      </datafield>
      <datafield ind1=" " ind2="7" tag="648">
         <subfield code="a">1981 - 1990</subfield>
         <subfield code="2">fast</subfield>
      </datafield>
      <datafield ind1=" " ind2="7" tag="650">
         <subfield code="a">Rap (Music)</subfield>
         <subfield code="2">fast</subfield>
         <subfield code="0">(OCoLC)fst01089951</subfield>
      </datafield>
      <datafield ind1="2" ind2=" " tag="710">
         <subfield code="a">Cold Crush Brothers.</subfield>
         <subfield code="4">prf</subfield>
      </datafield>
      <datafield ind1="2" ind2=" " tag="710">
         <subfield code="a">Cornell University Library Hip-Hop Collection.</subfield>
         <subfield code="5">NIC</subfield>
      </datafield>
      <datafield ind1="2" ind2=" " tag="710">
         <subfield code="i">Contained in:</subfield>
         <subfield code="a">Afrika Bambaataa Hip Hop Archive.</subfield>
         <subfield code="b">Annotated LPs.</subfield>
         <subfield code="5">NIC</subfield>
      </datafield>
      <datafield ind1="1" ind2=" " tag="948">
         <subfield code="a">20080828</subfield>
         <subfield code="b">c</subfield>
         <subfield code="d">rc28</subfield>
         <subfield code="e">lts</subfield>
      </datafield>
      <datafield ind1="2" ind2=" " tag="948">
         <subfield code="a">20141230</subfield>
         <subfield code="b">m</subfield>
         <subfield code="d">batch</subfield>
         <subfield code="e">lts</subfield>
         <subfield code="x">addfast</subfield>
      </datafield>
      <datafield ind1="1" ind2=" " tag="948">
         <subfield code="a">20161222</subfield>
         <subfield code="b">l</subfield>
         <subfield code="d">rc28</subfield>
         <subfield code="e">lts</subfield>
      </datafield>
   </record>