
   <record>
      <leader>01223cjm a2200337 a 4500</leader>
      <controlfield tag="001">6347333</controlfield>
      <controlfield tag="005">20161222091350.0</controlfield>
      <controlfield tag="007">sd bumennmplue</controlfield>
      <controlfield tag="008">080910s1982    nyuppn              eng d</controlfield>
      <datafield ind1="0" ind2="2" tag="028">
         <subfield code="a">PRL D644</subfield>
         <subfield code="b">Prelude</subfield>
      </datafield>
      <datafield ind1=" " ind2=" " tag="035">
         <subfield code="a">6347333</subfield>
      </datafield>
      <datafield ind1=" " ind2=" " tag="035">
         <subfield code="a">(OCoLC)32282319</subfield>
      </datafield>
      <datafield ind1=" " ind2=" " tag="040">
         <subfield code="a">NIC</subfield>
         <subfield code="c">NIC</subfield>
      </datafield>
      <datafield ind1="2" ind2=" " tag="110">
         <subfield code="a">WUF Ticket (Musical group).</subfield>
         <subfield code="4">prf</subfield>
      </datafield>
      <datafield ind1="1" ind2="0" tag="245">
         <subfield code="a">Ya mama</subfield>
         <subfield code="h">[sound recording] /</subfield>
         <subfield code="c">WUF Ticket.</subfield>
      </datafield>
      <datafield ind1=" " ind2=" " tag="260">
         <subfield code="a">New York :</subfield>
         <subfield code="b">Prelude Records,</subfield>
         <subfield code="c">p1982.</subfield>
      </datafield>
      <datafield ind1=" " ind2=" " tag="300">
         <subfield code="a">1 sound disc :</subfield>
         <subfield code="b">analog, 33 1/3 rpm ;</subfield>
         <subfield code="c">12 in.</subfield>
      </datafield>
      <datafield ind1=" " ind2=" " tag="511">
         <subfield code="a">Performed by WUF Ticket (J. Mason, M. Ahmed, E. McField, K. Wolf).</subfield>
      </datafield>
      <datafield ind1=" " ind2=" " tag="580">
         <subfield code="a">In: Cornell University Library Hip-Hop Collection.</subfield>
      </datafield>
      <datafield ind1="0" ind2=" " tag="505">
         <subfield code="a">Ya mama (vocal) -- Ya mama (instrumental)</subfield>
      </datafield>
      <datafield ind1=" " ind2="0" tag="650">
         <subfield code="a">Rock music</subfield>
         <subfield code="y">1981-1990.</subfield>
      </datafield>
      <datafield ind1=" " ind2="0" tag="650">
         <subfield code="a">Rap (Music)</subfield>
         <subfield code="y">1981-1990.</subfield>
      </datafield>
      <datafield ind1=" " ind2="0" tag="650">
         <subfield code="a">Hip-hop.</subfield>
      </datafield>
      <datafield ind1=" " ind2="7" tag="648">
         <subfield code="a">1981 - 1990</subfield>
         <subfield code="2">fast</subfield>
      </datafield>
      <datafield ind1=" " ind2="7" tag="650">
         <subfield code="a">Hip-hop</subfield>
         <subfield code="2">fast</subfield>
         <subfield code="0">(OCoLC)fst00957237</subfield>
      </datafield>
      <datafield ind1=" " ind2="7" tag="650">
         <subfield code="a">Rap (Music)</subfield>
         <subfield code="2">fast</subfield>
         <subfield code="0">(OCoLC)fst01089951</subfield>
      </datafield>
      <datafield ind1="2" ind2=" " tag="710">
         <subfield code="a">Cornell University Library Hip-Hop Collection.</subfield>
         <subfield code="5">NIC</subfield>
      </datafield>
      <datafield ind1="2" ind2=" " tag="710">
         <subfield code="i">Contained in:</subfield>
         <subfield code="a">Afrika  Bambaataa Hip Hop Archive.</subfield>
         <subfield code="b">Annotated LPs.</subfield>
         <subfield code="5">NIC</subfield>
      </datafield>
      <datafield ind1="1" ind2=" " tag="948">
         <subfield code="a">20080910</subfield>
         <subfield code="b">o</subfield>
         <subfield code="d">mnr1</subfield>
         <subfield code="e">lts</subfield>
      </datafield>
      <datafield ind1="2" ind2=" " tag="948">
         <subfield code="a">20141230</subfield>
         <subfield code="b">m</subfield>
         <subfield code="d">batch</subfield>
         <subfield code="e">lts</subfield>
         <subfield code="x">addfast</subfield>
      </datafield>
      <datafield ind1="1" ind2=" " tag="948">
         <subfield code="a">20161222</subfield>
         <subfield code="b">l</subfield>
         <subfield code="d">rc28</subfield>
         <subfield code="e">lts</subfield>
      </datafield>
   </record>