
   <record>
      <leader>03765cjm a2200793 a 4500</leader>
      <controlfield tag="001">9460688</controlfield>
      <controlfield tag="005">20170113153926.0</controlfield>
      <controlfield tag="007">sd bsmennmplue</controlfield>
      <controlfield tag="008">791108s1973    tnumunn  z        n eng d</controlfield>
      <datafield ind1=" " ind2=" " tag="010">
         <subfield code="a">95785007</subfield>
      </datafield>
      <datafield ind1="0" ind2="2" tag="028">
         <subfield code="a">STS-2-3018</subfield>
         <subfield code="b">Stax</subfield>
      </datafield>
      <datafield ind1=" " ind2=" " tag="035">
         <subfield code="a">(OCoLC)17351586</subfield>
      </datafield>
      <datafield ind1=" " ind2=" " tag="035">
         <subfield code="a">9460688</subfield>
      </datafield>
      <datafield ind1=" " ind2=" " tag="040">
         <subfield code="a">OBgU</subfield>
         <subfield code="b">eng</subfield>
         <subfield code="c">BGU</subfield>
         <subfield code="d">DLC</subfield>
         <subfield code="d">OCLCF</subfield>
         <subfield code="d">OCLCO</subfield>
         <subfield code="d">NIC</subfield>
      </datafield>
      <datafield ind1=" " ind2=" " tag="042">
         <subfield code="a">lccopycat</subfield>
      </datafield>
      <datafield ind1=" " ind2=" " tag="043">
         <subfield code="a">n-us---</subfield>
      </datafield>
      <datafield ind1=" " ind2=" " tag="047">
         <subfield code="a">mp</subfield>
         <subfield code="a">gm</subfield>
         <subfield code="a">pp</subfield>
      </datafield>
      <datafield ind1="0" ind2="0" tag="245">
         <subfield code="a">Wattstax;</subfield>
         <subfield code="b">the living word</subfield>
         <subfield code="h">[sound recording].</subfield>
      </datafield>
      <datafield ind1=" " ind2=" " tag="260">
         <subfield code="a">Memphis, Tenn. :</subfield>
         <subfield code="b">Stax,</subfield>
         <subfield code="c">p1973.</subfield>
      </datafield>
      <datafield ind1=" " ind2=" " tag="300">
         <subfield code="a">2 sound discs (112 min.) :</subfield>
         <subfield code="b">analog, 33 1/3 rpm, stereo. ;</subfield>
         <subfield code="c">12 in.</subfield>
      </datafield>
      <datafield ind1=" " ind2=" " tag="306">
         <subfield code="a">015200</subfield>
      </datafield>
      <datafield ind1=" " ind2=" " tag="500">
         <subfield code="a">Title on container: Wattstax 2.</subfield>
      </datafield>
      <datafield ind1=" " ind2=" " tag="500">
         <subfield code="a">Soul and gospel songs performed by various ensembles.</subfield>
      </datafield>
      <datafield ind1=" " ind2=" " tag="500">
         <subfield code="a">"Live concert music from the original movie sound track" -- Container.</subfield>
      </datafield>
      <datafield ind1=" " ind2=" " tag="500">
         <subfield code="a">Notes on container by Vernon Gibbs.</subfield>
      </datafield>
      <datafield ind1="0" ind2=" " tag="505">
         <subfield code="a">Introduction (Jesse Jackson) -- Lift every voice and sing (Kim Weston) -- Lying on the truth (the Rance Allen Group) -- Someone greater than you and I (Jimmy Jones) -- Old time religion (the Golden 13) -- Peace be still (The Emotions) -- Saturday night, blue note, backroom (Richard Pryor) -- Introduction. Ain't that loving you (for more reasons than one) ; Can't see you when I want to ; Reach out and touch ; Finale (David Porter) -- Arrest line-up (Richard Pryor) -- Introduction. Steal away ; Stop doggin' me ;Jody's got your girl and gone (Johnnie Taylor) -- Walking the backstreets and crying (Little Milton) -- Niggers (Richard Pryor) -- Group introduction. So I can love you ; Show me how (the Emotions) -- Negroes (Richard Pryor) -- Watcha see is whatcha get (the Dramatics) -- Handshake (Richard Pryor) -- I may not be what you want (Mel &amp; Tim) -- Wino get a job (Richard Pryor) -- Rolling down a mountainside (Isaac Hayes).</subfield>
      </datafield>
      <datafield ind1=" " ind2="0" tag="650">
         <subfield code="a">Motion picture music</subfield>
         <subfield code="v">Excerpts.</subfield>
      </datafield>
      <datafield ind1=" " ind2="0" tag="650">
         <subfield code="a">Soul music.</subfield>
      </datafield>
      <datafield ind1=" " ind2="0" tag="650">
         <subfield code="a">Gospel music.</subfield>
      </datafield>
      <datafield ind1=" " ind2="7" tag="650">
         <subfield code="a">Gospel music.</subfield>
         <subfield code="2">fast</subfield>
         <subfield code="0">(OCoLC)fst00945026</subfield>
      </datafield>
      <datafield ind1=" " ind2="7" tag="650">
         <subfield code="a">Motion picture music</subfield>
         <subfield code="x">Excerpts.</subfield>
         <subfield code="2">fast</subfield>
         <subfield code="0">(OCoLC)fst01027204</subfield>
      </datafield>
      <datafield ind1=" " ind2="7" tag="650">
         <subfield code="a">Soul music.</subfield>
         <subfield code="2">fast</subfield>
         <subfield code="0">(OCoLC)fst01126930</subfield>
      </datafield>
      <datafield ind1="1" ind2=" " tag="700">
         <subfield code="a">Jackson, Jesse,</subfield>
         <subfield code="d">1941-</subfield>
      </datafield>
      <datafield ind1="1" ind2=" " tag="700">
         <subfield code="a">Weston, Kim.</subfield>
         <subfield code="4">prf</subfield>
      </datafield>
      <datafield ind1="1" ind2=" " tag="700">
         <subfield code="a">Jones, Jimmy</subfield>
         <subfield code="c">(Gospel singer)</subfield>
         <subfield code="4">prf</subfield>
      </datafield>
      <datafield ind1="1" ind2=" " tag="700">
         <subfield code="a">Pryor, Richard.</subfield>
         <subfield code="4">prf</subfield>
      </datafield>
      <datafield ind1="1" ind2=" " tag="700">
         <subfield code="a">Porter, David,</subfield>
         <subfield code="c">vocalist.</subfield>
         <subfield code="4">prf</subfield>
      </datafield>
      <datafield ind1="1" ind2=" " tag="700">
         <subfield code="a">Taylor, Johnnie.</subfield>
         <subfield code="4">prf</subfield>
      </datafield>
      <datafield ind1="0" ind2=" " tag="700">
         <subfield code="a">Little Milton.</subfield>
         <subfield code="4">prf</subfield>
      </datafield>
      <datafield ind1="1" ind2=" " tag="700">
         <subfield code="a">Hayes, Isaac.</subfield>
         <subfield code="4">prf</subfield>
      </datafield>
      <datafield ind1="0" ind2=" " tag="700">
         <subfield code="a">Afrika Bambaataa,</subfield>
         <subfield code="d">1957-</subfield>
         <subfield code="e">signer.</subfield>
         <subfield code="5">NIC.</subfield>
      </datafield>
      <datafield ind1="2" ind2=" " tag="710">
         <subfield code="a">Rance Allen Group.</subfield>
         <subfield code="4">prf</subfield>
      </datafield>
      <datafield ind1="2" ind2=" " tag="710">
         <subfield code="a">Golden 13 (Musical group)</subfield>
         <subfield code="4">prf</subfield>
      </datafield>
      <datafield ind1="2" ind2=" " tag="710">
         <subfield code="a">Emotions (Musical group)</subfield>
         <subfield code="4">prf</subfield>
      </datafield>
      <datafield ind1="2" ind2=" " tag="710">
         <subfield code="a">Dramatics (Musical group)</subfield>
         <subfield code="4">prf</subfield>
      </datafield>
      <datafield ind1="2" ind2=" " tag="710">
         <subfield code="a">Mel &amp; Tim.</subfield>
         <subfield code="4">prf</subfield>
      </datafield>
      <datafield ind1="2" ind2=" " tag="710">
         <subfield code="i">Contained in:</subfield>
         <subfield code="a">Afrika Bambaataa Hip Hop Archive.</subfield>
         <subfield code="5">NIC</subfield>
      </datafield>
      <datafield ind1="2" ind2=" " tag="710">
         <subfield code="i">Contained in:</subfield>
         <subfield code="a">Afrika Bambaataa Hip Hop Archive.</subfield>
         <subfield code="b">Annotated LPs.</subfield>
         <subfield code="5">NIC</subfield>
      </datafield>
      <datafield ind1="2" ind2=" " tag="711">
         <subfield code="i">Related event:</subfield>
         <subfield code="a">Renegades of  Rhythm Tour, 2014-2015.</subfield>
         <subfield code="5">NIC</subfield>
      </datafield>
      <datafield ind1="0" ind2=" " tag="740">
         <subfield code="a">Lift every voice and sing.</subfield>
      </datafield>
      <datafield ind1="0" ind2=" " tag="740">
         <subfield code="a">Lying on the truth.</subfield>
      </datafield>
      <datafield ind1="0" ind2=" " tag="740">
         <subfield code="a">Someone greater than you and I.</subfield>
      </datafield>
      <datafield ind1="0" ind2=" " tag="740">
         <subfield code="a">Old time religion.</subfield>
      </datafield>
      <datafield ind1="0" ind2=" " tag="740">
         <subfield code="a">Peace be still.</subfield>
      </datafield>
      <datafield ind1="0" ind2=" " tag="740">
         <subfield code="a">Ain't that loving you (for more reasons than one)</subfield>
      </datafield>
      <datafield ind1="0" ind2=" " tag="740">
         <subfield code="a">Can't you see when I want to.</subfield>
      </datafield>
      <datafield ind1="0" ind2=" " tag="740">
         <subfield code="a">Reach out and touch.</subfield>
      </datafield>
      <datafield ind1="0" ind2=" " tag="740">
         <subfield code="a">Steal away.</subfield>
      </datafield>
      <datafield ind1="0" ind2=" " tag="740">
         <subfield code="a">Stop doggin' me.</subfield>
      </datafield>
      <datafield ind1="0" ind2=" " tag="740">
         <subfield code="a">Jody's got your girl and gone.</subfield>
      </datafield>
      <datafield ind1="0" ind2=" " tag="740">
         <subfield code="a">Walking the backstreets and crying.</subfield>
      </datafield>
      <datafield ind1="0" ind2=" " tag="740">
         <subfield code="a">So I can love you.</subfield>
      </datafield>
      <datafield ind1="0" ind2=" " tag="740">
         <subfield code="a">Show me how.</subfield>
      </datafield>
      <datafield ind1="0" ind2=" " tag="740">
         <subfield code="a">Watcha see is whatca get.</subfield>
      </datafield>
      <datafield ind1="0" ind2=" " tag="740">
         <subfield code="a">I may not be what you want.</subfield>
      </datafield>
      <datafield ind1="0" ind2=" " tag="948">
         <subfield code="a">20160613</subfield>
         <subfield code="b">i</subfield>
         <subfield code="d">rc28</subfield>
         <subfield code="e">lts</subfield>
         <subfield code="h">?</subfield>
      </datafield>
      <datafield ind1="2" ind2=" " tag="948">
         <subfield code="a">20160617</subfield>
         <subfield code="b">m</subfield>
         <subfield code="d">batch</subfield>
         <subfield code="e">lts</subfield>
         <subfield code="x">deloclcprefix</subfield>
      </datafield>
      <datafield ind1="1" ind2=" " tag="948">
         <subfield code="a">20160808</subfield>
         <subfield code="b">c</subfield>
         <subfield code="d">rc28</subfield>
         <subfield code="e">lts</subfield>
      </datafield>
      <datafield ind1="0" ind2=" " tag="948">
         <subfield code="a">20170113</subfield>
         <subfield code="b">m</subfield>
         <subfield code="d">bak24</subfield>
         <subfield code="e">lts</subfield>
      </datafield>
   </record>