
   <record>
      <leader>01794cjm a2200433 a 4500</leader>
      <controlfield tag="001">9707397</controlfield>
      <controlfield tag="005">20161208062758.0</controlfield>
      <controlfield tag="007">sd bsmennmplne</controlfield>
      <controlfield tag="008">161117t19791979nyujzn              eng d</controlfield>
      <datafield ind1="0" ind2="2" tag="028">
         <subfield code="a">AS684</subfield>
         <subfield code="b">Columbia</subfield>
      </datafield>
      <datafield ind1=" " ind2=" " tag="035">
         <subfield code="a">(OCoLC)963789794</subfield>
      </datafield>
      <datafield ind1=" " ind2=" " tag="035">
         <subfield code="a">9707397</subfield>
      </datafield>
      <datafield ind1=" " ind2=" " tag="040">
         <subfield code="a">NIC</subfield>
         <subfield code="b">eng</subfield>
         <subfield code="c">NIC</subfield>
      </datafield>
      <datafield ind1="1" ind2=" " tag="100">
         <subfield code="a">Hancock, Herbie,</subfield>
         <subfield code="d">1940-</subfield>
      </datafield>
      <datafield ind1="1" ind2="0" tag="245">
         <subfield code="a">Knee deep ;</subfield>
         <subfield code="b">Doin' it /</subfield>
         <subfield code="c">Herbie Hancock.</subfield>
      </datafield>
      <datafield ind1=" " ind2="1" tag="264">
         <subfield code="a">[New York, N.Y.] :</subfield>
         <subfield code="b">Columbia,</subfield>
         <subfield code="c">[1979]</subfield>
      </datafield>
      <datafield ind1=" " ind2="4" tag="264">
         <subfield code="c">&amp;#8471;1979</subfield>
      </datafield>
      <datafield ind1=" " ind2=" " tag="300">
         <subfield code="a">1 audio disc ;</subfield>
         <subfield code="c">12 in.</subfield>
      </datafield>
      <datafield ind1=" " ind2=" " tag="336">
         <subfield code="a">performed music</subfield>
         <subfield code="b">prm</subfield>
         <subfield code="2">rdacontent</subfield>
      </datafield>
      <datafield ind1=" " ind2=" " tag="337">
         <subfield code="a">audio</subfield>
         <subfield code="b">s</subfield>
         <subfield code="2">rdamedia</subfield>
      </datafield>
      <datafield ind1=" " ind2=" " tag="338">
         <subfield code="a">audio disc</subfield>
         <subfield code="b">sd</subfield>
         <subfield code="2">rdacarrier</subfield>
      </datafield>
      <datafield ind1=" " ind2=" " tag="340">
         <subfield code="a">vinyl</subfield>
         <subfield code="2">rda</subfield>
      </datafield>
      <datafield ind1=" " ind2=" " tag="344">
         <subfield code="a">analog</subfield>
         <subfield code="c">33 1/3 rpm</subfield>
         <subfield code="g">stereo</subfield>
         <subfield code="2">rda</subfield>
      </datafield>
      <datafield ind1=" " ind2=" " tag="500">
         <subfield code="a">Title from disc label.</subfield>
      </datafield>
      <datafield ind1=" " ind2=" " tag="500">
         <subfield code="a">Promotional copy.</subfield>
      </datafield>
      <datafield ind1=" " ind2=" " tag="500">
         <subfield code="a">A-side: Taken From The Columbia Lp: "Feets Don't Fail Me Now" JC 35764 Special Version Of The Columbia Single: 3-10894. B-side: The New Remix From The Album: "The Best Of Herbie Hancock" JC 36309 Special Version Of The Columbia Single: 1-11122.</subfield>
      </datafield>
      <datafield ind1=" " ind2=" " tag="500">
         <subfield code="a">Matrix / Runout (A-side runout groove inscription): XSS 166456-1A.  Matrix / Runout (B-side runout groove inscription): XSS 166432-1A.</subfield>
      </datafield>
      <datafield ind1="0" ind2=" " tag="505">
         <subfield code="a">Knee deep (5:39) -- Doin' it (5:13).</subfield>
      </datafield>
      <datafield ind1=" " ind2=" " tag="508">
         <subfield code="a">Produced by David Rubinson &amp; Friends, Inc. and Herbie Hancock.</subfield>
      </datafield>
      <datafield ind1=" " ind2="0" tag="650">
         <subfield code="a">Jazz.</subfield>
      </datafield>
      <datafield ind1=" " ind2="0" tag="650">
         <subfield code="a">Jazz-rock (Music)</subfield>
      </datafield>
      <datafield ind1=" " ind2="7" tag="655">
         <subfield code="a">Jazz.</subfield>
         <subfield code="2">lcgft</subfield>
      </datafield>
      <datafield ind1=" " ind2="7" tag="655">
         <subfield code="a">Jazz-rock (Music)</subfield>
         <subfield code="2">lcgft</subfield>
      </datafield>
      <datafield ind1="0" ind2=" " tag="700">
         <subfield code="a">Afrika Bambaataa,</subfield>
         <subfield code="d">1957-</subfield>
         <subfield code="e">signer.</subfield>
         <subfield code="5">NIC</subfield>
      </datafield>
      <datafield ind1="2" ind2=" " tag="710">
         <subfield code="i">Contained in:</subfield>
         <subfield code="a">Afrika Bambaataa Hip Hop Archive.</subfield>
         <subfield code="b">Annotated LPs.</subfield>
         <subfield code="5">NIC</subfield>
      </datafield>
      <datafield ind1="0" ind2="2" tag="740">
         <subfield code="a">Doin' it.</subfield>
      </datafield>
      <datafield ind1="4" ind2="2" tag="856">
         <subfield code="i">Description with image</subfield>
         <subfield code="u">https://www.discogs.com/Herbie-Hancock-Knee-Deep-Doin-It/release/1321339</subfield>
      </datafield>
      <datafield ind1="0" ind2=" " tag="948">
         <subfield code="a">20161117</subfield>
         <subfield code="b">i</subfield>
         <subfield code="d">rc28</subfield>
         <subfield code="e">lts</subfield>
         <subfield code="h">?</subfield>
      </datafield>
      <datafield ind1="1" ind2=" " tag="948">
         <subfield code="a">20161117</subfield>
         <subfield code="b">o</subfield>
         <subfield code="d">rc28</subfield>
         <subfield code="e">lts</subfield>
      </datafield>
   </record>