
   <record>
      <leader>01671cjm a2200385 a 4500</leader>
      <controlfield tag="001">9707502</controlfield>
      <controlfield tag="005">20161208062802.0</controlfield>
      <controlfield tag="007">sd bumennmplne</controlfield>
      <controlfield tag="008">161117s1979    enkzzn              eng d</controlfield>
      <datafield ind1="0" ind2="2" tag="028">
         <subfield code="a">JSLP009</subfield>
         <subfield code="b">Jamaica Sound</subfield>
      </datafield>
      <datafield ind1=" " ind2=" " tag="035">
         <subfield code="a">(OCoLC)963575748</subfield>
      </datafield>
      <datafield ind1=" " ind2=" " tag="035">
         <subfield code="a">9707502</subfield>
      </datafield>
      <datafield ind1=" " ind2=" " tag="040">
         <subfield code="a">NIC</subfield>
         <subfield code="b">eng</subfield>
         <subfield code="c">NIC</subfield>
      </datafield>
      <datafield ind1="0" ind2=" " tag="100">
         <subfield code="a">Dillinger.</subfield>
      </datafield>
      <datafield ind1="1" ind2="0" tag="245">
         <subfield code="a">Funky punk ;</subfield>
         <subfield code="b">Rock to the music /</subfield>
         <subfield code="c">Dillinger.</subfield>
      </datafield>
      <datafield ind1=" " ind2="1" tag="264">
         <subfield code="a">London :</subfield>
         <subfield code="b">Valdene Records :</subfield>
         <subfield code="b">Distributed by CBS Records,</subfield>
         <subfield code="c">[1979?]</subfield>
      </datafield>
      <datafield ind1=" " ind2=" " tag="300">
         <subfield code="a">1 audio disc ;</subfield>
         <subfield code="c">12 in.</subfield>
      </datafield>
      <datafield ind1=" " ind2=" " tag="336">
         <subfield code="a">performed music</subfield>
         <subfield code="b">prm</subfield>
         <subfield code="2">rdacontent</subfield>
      </datafield>
      <datafield ind1=" " ind2=" " tag="337">
         <subfield code="a">audio</subfield>
         <subfield code="b">s</subfield>
         <subfield code="2">rdamedia</subfield>
      </datafield>
      <datafield ind1=" " ind2=" " tag="338">
         <subfield code="a">audio disc</subfield>
         <subfield code="b">sd</subfield>
         <subfield code="2">rdacarrier</subfield>
      </datafield>
      <datafield ind1=" " ind2=" " tag="340">
         <subfield code="a">vinyl</subfield>
         <subfield code="2">rda</subfield>
      </datafield>
      <datafield ind1=" " ind2=" " tag="344">
         <subfield code="a">analog</subfield>
         <subfield code="c">33 1/3 rpm</subfield>
         <subfield code="2">rda</subfield>
      </datafield>
      <datafield ind1=" " ind2=" " tag="500">
         <subfield code="a">Title from disc label.</subfield>
      </datafield>
      <datafield ind1=" " ind2=" " tag="500">
         <subfield code="a">Matrix / Runout: NORMA/L.SEVITT JS.LP.009.A.1  Matrix / Runout: NORMA/L.SEVITT JS.LP.009.B.1.</subfield>
      </datafield>
      <datafield ind1="0" ind2=" " tag="505">
         <subfield code="a">Rock to the music -- Funky punk -- Get on the good side -- L.S.D. -- Super cock -- Sex me baby -- Rockers -- Soul food.</subfield>
      </datafield>
      <datafield ind1=" " ind2=" " tag="508">
         <subfield code="a">Produced by W. Shrowder, L. Sevitt; words by Dillinger, L. Bullocks.</subfield>
      </datafield>
      <datafield ind1=" " ind2=" " tag="518">
         <subfield code="o">Recorded</subfield>
         <subfield code="p">T.P.A. and Chalk Farm Studio.</subfield>
      </datafield>
      <datafield ind1="0" ind2=" " tag="511">
         <subfield code="a">Performed by Dillinger; drums, Sly Dunbar ; rythm guitar, Chinna ; bass guitar, Loyd Parks ; piano, Stirling ; synthesizers, Ken Elliot ; saxophone, Barry.</subfield>
      </datafield>
      <datafield ind1=" " ind2="0" tag="650">
         <subfield code="a">Reggae music.</subfield>
      </datafield>
      <datafield ind1=" " ind2="7" tag="655">
         <subfield code="a">Reggae music.</subfield>
         <subfield code="2">lcgft</subfield>
      </datafield>
      <datafield ind1="2" ind2=" " tag="710">
         <subfield code="i">Contained in:</subfield>
         <subfield code="a">Afrika Bambaataa Hip Hop Archive.</subfield>
         <subfield code="b">Annotated LPs.</subfield>
         <subfield code="5">NIC</subfield>
      </datafield>
      <datafield ind1="0" ind2="2" tag="740">
         <subfield code="a">Rock to the music.</subfield>
      </datafield>
      <datafield ind1="4" ind2="2" tag="856">
         <subfield code="i">Description with image</subfield>
         <subfield code="u">https://www.discogs.com/Dillinger-Funky-Punk-Rock-To-The-Music/release/3091466</subfield>
      </datafield>
      <datafield ind1="0" ind2=" " tag="948">
         <subfield code="a">20161117</subfield>
         <subfield code="b">i</subfield>
         <subfield code="d">rc28</subfield>
         <subfield code="e">lts</subfield>
         <subfield code="h">?</subfield>
      </datafield>
      <datafield ind1="1" ind2=" " tag="948">
         <subfield code="a">20161117</subfield>
         <subfield code="b">o</subfield>
         <subfield code="d">rc28</subfield>
         <subfield code="e">lts</subfield>
      </datafield>
   </record>