
   <record>
      <leader>01628cjm a2200433Ia 4500</leader>
      <controlfield tag="001">9707512</controlfield>
      <controlfield tag="005">20161118075524.0</controlfield>
      <controlfield tag="007">sd bsmennmplue</controlfield>
      <controlfield tag="008">161117t19821982xxuzznn           n eng d</controlfield>
      <datafield ind1="0" ind2="2" tag="028">
         <subfield code="a">PRO-A-1019</subfield>
         <subfield code="b">Warner Bros. Records</subfield>
      </datafield>
      <datafield ind1="0" ind2="2" tag="028">
         <subfield code="a">ZOH-006-S</subfield>
         <subfield code="b">Warner Bros. Records</subfield>
      </datafield>
      <datafield ind1=" " ind2=" " tag="035">
         <subfield code="a">(OCoLC)962913803</subfield>
      </datafield>
      <datafield ind1=" " ind2=" " tag="035">
         <subfield code="a">9707512</subfield>
      </datafield>
      <datafield ind1=" " ind2=" " tag="040">
         <subfield code="a">COO</subfield>
         <subfield code="b">eng</subfield>
         <subfield code="c">COO</subfield>
      </datafield>
      <datafield ind1="1" ind2=" " tag="100">
         <subfield code="a">Collins, Bootsy.</subfield>
      </datafield>
      <datafield ind1="1" ind2="0" tag="245">
         <subfield code="a">Take a lickin' and keep on kickin' /</subfield>
         <subfield code="c">William "Bootsy" Collins.</subfield>
      </datafield>
      <datafield ind1=" " ind2="1" tag="264">
         <subfield code="a">[US] :</subfield>
         <subfield code="b">Warner Bros. Records,</subfield>
         <subfield code="c">[1982]</subfield>
      </datafield>
      <datafield ind1=" " ind2="4" tag="264">
         <subfield code="c">&amp;#8471;1982</subfield>
      </datafield>
      <datafield ind1=" " ind2=" " tag="300">
         <subfield code="a">1 audio disc ;</subfield>
         <subfield code="c">12 in.</subfield>
      </datafield>
      <datafield ind1=" " ind2=" " tag="336">
         <subfield code="a">performed music</subfield>
         <subfield code="b">prm</subfield>
         <subfield code="2">rdacontent</subfield>
      </datafield>
      <datafield ind1=" " ind2=" " tag="337">
         <subfield code="a">audio</subfield>
         <subfield code="b">s</subfield>
         <subfield code="2">rdamedia</subfield>
      </datafield>
      <datafield ind1=" " ind2=" " tag="338">
         <subfield code="a">audio disc</subfield>
         <subfield code="b">sd</subfield>
         <subfield code="2">rdacarrier</subfield>
      </datafield>
      <datafield ind1=" " ind2=" " tag="340">
         <subfield code="a">vinyl</subfield>
         <subfield code="2">rda</subfield>
      </datafield>
      <datafield ind1=" " ind2=" " tag="344">
         <subfield code="a">analog</subfield>
         <subfield code="c">33 1/3 rpm</subfield>
         <subfield code="g">stereo</subfield>
         <subfield code="2">rda</subfield>
      </datafield>
      <datafield ind1=" " ind2=" " tag="500">
         <subfield code="a">Promotional copy.</subfield>
      </datafield>
      <datafield ind1=" " ind2=" " tag="500">
         <subfield code="a">Title from disc label.</subfield>
      </datafield>
      <datafield ind1=" " ind2=" " tag="500">
         <subfield code="a">From the Warner Bros. album: The one giveth, the count taketh away (BSK 3667).</subfield>
      </datafield>
      <datafield ind1="0" ind2=" " tag="511">
         <subfield code="a">Produced, performed and prepared for you by William "Bootsy" Collins.</subfield>
      </datafield>
      <datafield ind1="0" ind2="0" tag="505">
         <subfield code="t">Take a lickin' and keep on kickin' (Extended version)</subfield>
         <subfield code="g">(4:35) --</subfield>
         <subfield code="t">Take a lickin' and keep on kickin' (Single version)</subfield>
         <subfield code="g">(3:30).</subfield>
      </datafield>
      <datafield ind1=" " ind2="0" tag="650">
         <subfield code="a">Soul music.</subfield>
      </datafield>
      <datafield ind1=" " ind2="0" tag="650">
         <subfield code="a">Funk (Music)</subfield>
      </datafield>
      <datafield ind1=" " ind2="7" tag="655">
         <subfield code="a">Sound recordings.</subfield>
         <subfield code="2">lcgft</subfield>
      </datafield>
      <datafield ind1=" " ind2="7" tag="655">
         <subfield code="a">Funk (Music)</subfield>
         <subfield code="2">lcgft</subfield>
      </datafield>
      <datafield ind1="1" ind2=" " tag="700">
         <subfield code="a">Collins, Bootsy,</subfield>
         <subfield code="e">signer.</subfield>
         <subfield code="5">NIC</subfield>
      </datafield>
      <datafield ind1="0" ind2=" " tag="700">
         <subfield code="a">Afrika Bambaataa,</subfield>
         <subfield code="d">1957-</subfield>
         <subfield code="e">dedicatee.</subfield>
         <subfield code="5">NIC</subfield>
      </datafield>
      <datafield ind1="2" ind2=" " tag="710">
         <subfield code="i">Contained in:</subfield>
         <subfield code="a">Afrika Bambaataa Hip Hop Archive.</subfield>
         <subfield code="b">Annotated LPs.</subfield>
         <subfield code="5">NIC</subfield>
      </datafield>
      <datafield ind1="0" ind2=" " tag="948">
         <subfield code="a">20161117</subfield>
         <subfield code="b">i</subfield>
         <subfield code="d">bak24</subfield>
         <subfield code="e">lts</subfield>
      </datafield>
      <datafield ind1="1" ind2=" " tag="948">
         <subfield code="a">20161117</subfield>
         <subfield code="b">o</subfield>
         <subfield code="d">bak24</subfield>
         <subfield code="e">lts</subfield>
      </datafield>
      <datafield ind1="2" ind2=" " tag="948">
         <subfield code="a">20161118</subfield>
         <subfield code="b">m</subfield>
         <subfield code="d">batch</subfield>
         <subfield code="e">lts</subfield>
         <subfield code="x">deloclcprefix</subfield>
      </datafield>
   </record>