
   <record>
      <leader>01714cjm a2200469Ia 4500</leader>
      <controlfield tag="001">9710280</controlfield>
      <controlfield tag="005">20161202075351.0</controlfield>
      <controlfield tag="007">sd bsmennmplue</controlfield>
      <controlfield tag="008">920612s1988    fluppnn           n eng d</controlfield>
      <datafield ind1="1" ind2=" " tag="024">
         <subfield code="a">3250833041</subfield>
      </datafield>
      <datafield ind1="0" ind2="2" tag="028">
         <subfield code="a">VR-3304</subfield>
         <subfield code="b">Vision</subfield>
      </datafield>
      <datafield ind1=" " ind2=" " tag="035">
         <subfield code="a">(OCoLC)25998817</subfield>
      </datafield>
      <datafield ind1=" " ind2=" " tag="035">
         <subfield code="a">9710280</subfield>
      </datafield>
      <datafield ind1=" " ind2=" " tag="040">
         <subfield code="a">BGU</subfield>
         <subfield code="b">eng</subfield>
         <subfield code="c">BGU</subfield>
         <subfield code="d">OCLCQ</subfield>
         <subfield code="d">OCLCF</subfield>
         <subfield code="d">OCLCO</subfield>
         <subfield code="d">OCLCQ</subfield>
         <subfield code="d">NIC</subfield>
      </datafield>
      <datafield ind1="0" ind2=" " tag="100">
         <subfield code="a">Beatmaster Clay D.</subfield>
         <subfield code="4">prf</subfield>
      </datafield>
      <datafield ind1="1" ind2="0" tag="245">
         <subfield code="a">You be you and I be me /</subfield>
         <subfield code="c">Beatmaster Clay D. &amp; the Get Funky Crew.</subfield>
      </datafield>
      <datafield ind1="3" ind2=" " tag="246">
         <subfield code="a">You gotta be real</subfield>
      </datafield>
      <datafield ind1="3" ind2=" " tag="246">
         <subfield code="a">My go-go beat</subfield>
      </datafield>
      <datafield ind1="3" ind2=" " tag="246">
         <subfield code="a">I love you</subfield>
      </datafield>
      <datafield ind1="3" ind2=" " tag="246">
         <subfield code="a">Everybody get up</subfield>
      </datafield>
      <datafield ind1="3" ind2=" " tag="246">
         <subfield code="a">Move your body</subfield>
      </datafield>
      <datafield ind1="3" ind2=" " tag="246">
         <subfield code="a">Do your duty</subfield>
      </datafield>
      <datafield ind1="3" ind2=" " tag="246">
         <subfield code="a">Don't let your rag top drop</subfield>
      </datafield>
      <datafield ind1="3" ind2=" " tag="246">
         <subfield code="a">Just get on down</subfield>
      </datafield>
      <datafield ind1="3" ind2=" " tag="246">
         <subfield code="a">Rock the house</subfield>
      </datafield>
      <datafield ind1="3" ind2=" " tag="246">
         <subfield code="a">Ugly people be quiet</subfield>
      </datafield>
      <datafield ind1=" " ind2=" " tag="260">
         <subfield code="a">Miami :</subfield>
         <subfield code="b">Vision,</subfield>
         <subfield code="c">&amp;#8471;1988.</subfield>
      </datafield>
      <datafield ind1=" " ind2=" " tag="300">
         <subfield code="a">1 audio disc (37 min.) :</subfield>
         <subfield code="b">analog, 33 1/3 rpm, stereo ;</subfield>
         <subfield code="c">12 in.</subfield>
      </datafield>
      <datafield ind1=" " ind2=" " tag="336">
         <subfield code="a">performed music</subfield>
         <subfield code="b">prm</subfield>
         <subfield code="2">rdacontent</subfield>
      </datafield>
      <datafield ind1=" " ind2=" " tag="337">
         <subfield code="a">audio</subfield>
         <subfield code="b">s</subfield>
         <subfield code="2">rdamedia</subfield>
      </datafield>
      <datafield ind1=" " ind2=" " tag="338">
         <subfield code="a">audio disc</subfield>
         <subfield code="b">sd</subfield>
         <subfield code="2">rdacarrier</subfield>
      </datafield>
      <datafield ind1=" " ind2=" " tag="500">
         <subfield code="a">Title from container.</subfield>
      </datafield>
      <datafield ind1=" " ind2=" " tag="500">
         <subfield code="a">Rap songs.</subfield>
      </datafield>
      <datafield ind1=" " ind2=" " tag="518">
         <subfield code="a">Recorded at Audio Vision, Miami.</subfield>
      </datafield>
      <datafield ind1="0" ind2=" " tag="505">
         <subfield code="a">You gotta be real -- My go-go beat -- I love you -- Everybody get up -- Move your body -- Do your duty -- Don't let your rag top drop -- Just get on down -- Rock the house/Ugly people be quiet.</subfield>
      </datafield>
      <datafield ind1=" " ind2="0" tag="650">
         <subfield code="a">Rap (Music)</subfield>
      </datafield>
      <datafield ind1=" " ind2="7" tag="650">
         <subfield code="a">Rap (Music)</subfield>
         <subfield code="2">fast</subfield>
         <subfield code="0">(OCoLC)fst01089951</subfield>
      </datafield>
      <datafield ind1="2" ind2=" " tag="710">
         <subfield code="a">Get Funky Crew (Musical group)</subfield>
         <subfield code="4">prf</subfield>
      </datafield>
      <datafield ind1="2" ind2=" " tag="710">
         <subfield code="i">Contained in:</subfield>
         <subfield code="a">Afrika Bambaataa Hip Hop Archive.</subfield>
         <subfield code="b">Annotated LPs.</subfield>
         <subfield code="5">NIC</subfield>
      </datafield>
      <datafield ind1="0" ind2=" " tag="948">
         <subfield code="a">20161128</subfield>
         <subfield code="b">i</subfield>
         <subfield code="d">rc28</subfield>
         <subfield code="e">lts</subfield>
         <subfield code="h">?</subfield>
      </datafield>
      <datafield ind1="1" ind2=" " tag="948">
         <subfield code="a">20161128</subfield>
         <subfield code="b">c</subfield>
         <subfield code="d">rc28</subfield>
         <subfield code="e">lts</subfield>
      </datafield>
      <datafield ind1="2" ind2=" " tag="948">
         <subfield code="a">20161202</subfield>
         <subfield code="b">m</subfield>
         <subfield code="d">batch</subfield>
         <subfield code="e">lts</subfield>
         <subfield code="x">deloclcprefix</subfield>
      </datafield>
   </record>