
   <record>
      <leader>02186cjm a2200565 a 4500</leader>
      <controlfield tag="001">9713621</controlfield>
      <controlfield tag="005">20161202075741.0</controlfield>
      <controlfield tag="007">sd bsmennmplue</controlfield>
      <controlfield tag="008">840813s1984    caurcnn           n eng d</controlfield>
      <datafield ind1=" " ind2=" " tag="010">
         <subfield code="a">93852873</subfield>
      </datafield>
      <datafield ind1="1" ind2=" " tag="024">
         <subfield code="a">07777171211</subfield>
      </datafield>
      <datafield ind1="0" ind2="0" tag="028">
         <subfield code="a">SJ-17121</subfield>
         <subfield code="b">EMI America</subfield>
      </datafield>
      <datafield ind1="0" ind2="2" tag="028">
         <subfield code="a">B 484987</subfield>
         <subfield code="b">EMI America</subfield>
      </datafield>
      <datafield ind1=" " ind2=" " tag="035">
         <subfield code="a">(OCoLC)11049898</subfield>
      </datafield>
      <datafield ind1=" " ind2=" " tag="035">
         <subfield code="a">9713621</subfield>
      </datafield>
      <datafield ind1=" " ind2=" " tag="040">
         <subfield code="a">IaA</subfield>
         <subfield code="b">eng</subfield>
         <subfield code="c">DLC</subfield>
         <subfield code="d">OCLCQ</subfield>
         <subfield code="d">OCLCG</subfield>
         <subfield code="d">OCLCO</subfield>
         <subfield code="d">OCLCF</subfield>
         <subfield code="d">OCL</subfield>
         <subfield code="d">OCLCQ</subfield>
         <subfield code="d">EZF</subfield>
      </datafield>
      <datafield ind1=" " ind2=" " tag="042">
         <subfield code="a">lccopycat</subfield>
      </datafield>
      <datafield ind1=" " ind2="4" tag="050">
         <subfield code="a">M1630.18.W654</subfield>
         <subfield code="b">L54 1984</subfield>
      </datafield>
      <datafield ind1="1" ind2=" " tag="100">
         <subfield code="a">Wolf, Peter,</subfield>
         <subfield code="d">1946-</subfield>
         <subfield code="e">performer.</subfield>
      </datafield>
      <datafield ind1="1" ind2="0" tag="245">
         <subfield code="a">Lights out</subfield>
         <subfield code="h">[sound recording] /</subfield>
         <subfield code="c">Peter Wolf.</subfield>
      </datafield>
      <datafield ind1=" " ind2="1" tag="264">
         <subfield code="a">Hollywood, Calif. :</subfield>
         <subfield code="b">EMI America,</subfield>
         <subfield code="c">&amp;#8471;1984.</subfield>
      </datafield>
      <datafield ind1=" " ind2="4" tag="264">
         <subfield code="c">&amp;#8471;1984.</subfield>
      </datafield>
      <datafield ind1=" " ind2=" " tag="300">
         <subfield code="a">1 audio disc (42 minutes) ;</subfield>
         <subfield code="c">12 in.</subfield>
      </datafield>
      <datafield ind1=" " ind2=" " tag="306">
         <subfield code="a">004112</subfield>
      </datafield>
      <datafield ind1=" " ind2=" " tag="336">
         <subfield code="a">performed music</subfield>
         <subfield code="b">prm</subfield>
         <subfield code="2">rdacontent</subfield>
      </datafield>
      <datafield ind1=" " ind2=" " tag="337">
         <subfield code="a">audio</subfield>
         <subfield code="b">s</subfield>
         <subfield code="2">rdamedia</subfield>
      </datafield>
      <datafield ind1=" " ind2=" " tag="338">
         <subfield code="a">audio disc</subfield>
         <subfield code="b">sd</subfield>
         <subfield code="2">rdacarrier</subfield>
      </datafield>
      <datafield ind1=" " ind2=" " tag="344">
         <subfield code="a">analog</subfield>
         <subfield code="c">33 1/3 rpm</subfield>
         <subfield code="d">microgroove</subfield>
         <subfield code="g">stereo</subfield>
         <subfield code="2">rda</subfield>
      </datafield>
      <datafield ind1="0" ind2=" " tag="511">
         <subfield code="a">Peter Wolf.</subfield>
      </datafield>
      <datafield ind1=" " ind2=" " tag="500">
         <subfield code="a">Promotional copy. Stamped gold lettering: Property of Capitol Records; B 484987.</subfield>
      </datafield>
      <datafield ind1="0" ind2="0" tag="505">
         <subfield code="t">Lights out</subfield>
         <subfield code="g">(4:27) --</subfield>
         <subfield code="t">I need you tonight</subfield>
         <subfield code="g">(3:38) --</subfield>
         <subfield code="t">Oo-ee-diddley-bop!</subfield>
         <subfield code="g">(4:14) --</subfield>
         <subfield code="t">Gloomy Sunday</subfield>
         <subfield code="g">(3:37) --</subfield>
         <subfield code="t">Baby please don't let me go</subfield>
         <subfield code="g">(4:02) --</subfield>
         <subfield code="t">Crazy</subfield>
         <subfield code="g">(3:50) --</subfield>
         <subfield code="t">Poor girl's heart</subfield>
         <subfield code="g">(3:05) --</subfield>
         <subfield code="t">Here comes that hurt</subfield>
         <subfield code="g">(3:15) --</subfield>
         <subfield code="t">Pretty lady (tell me why)</subfield>
         <subfield code="g">(3:44) --</subfield>
         <subfield code="t">Mars needs women</subfield>
         <subfield code="g">(2:41) --</subfield>
         <subfield code="t">Billy bigtime</subfield>
         <subfield code="g">(4:40).</subfield>
      </datafield>
      <datafield ind1=" " ind2="0" tag="650">
         <subfield code="a">Rock music</subfield>
         <subfield code="y">1981-1990.</subfield>
      </datafield>
      <datafield ind1=" " ind2="0" tag="650">
         <subfield code="a">Blues-rock music.</subfield>
      </datafield>
      <datafield ind1="1" ind2=" " tag="700">
         <subfield code="a">Wolf, Peter,</subfield>
         <subfield code="d">1946-</subfield>
         <subfield code="e">signer.</subfield>
         <subfield code="5">NIC</subfield>
      </datafield>
      <datafield ind1="0" ind2=" " tag="700">
         <subfield code="a">Afrika Bambaataa,</subfield>
         <subfield code="d">1957-</subfield>
         <subfield code="e">dedicatee.</subfield>
         <subfield code="5">NIC</subfield>
      </datafield>
      <datafield ind1="2" ind2=" " tag="710">
         <subfield code="i">Contained in:</subfield>
         <subfield code="a">Afrika Bambaataa Hip Hop Archive.</subfield>
         <subfield code="b">Annotated LPs.</subfield>
         <subfield code="5">NIC</subfield>
      </datafield>
      <datafield ind1="0" ind2="2" tag="740">
         <subfield code="a">Lights out.</subfield>
      </datafield>
      <datafield ind1="0" ind2="2" tag="740">
         <subfield code="a">I need you tonight.</subfield>
      </datafield>
      <datafield ind1="0" ind2="2" tag="740">
         <subfield code="a">Oo-ee-diddley-bop.</subfield>
      </datafield>
      <datafield ind1="0" ind2="2" tag="740">
         <subfield code="a">Gloomy Sunday.</subfield>
      </datafield>
      <datafield ind1="0" ind2="2" tag="740">
         <subfield code="a">Baby please don't let me go.</subfield>
      </datafield>
      <datafield ind1="0" ind2="2" tag="740">
         <subfield code="a">Crazy.</subfield>
      </datafield>
      <datafield ind1="0" ind2="2" tag="740">
         <subfield code="a">Poor girl's heart.</subfield>
      </datafield>
      <datafield ind1="0" ind2="2" tag="740">
         <subfield code="a">Here comes that hurt.</subfield>
      </datafield>
      <datafield ind1="0" ind2="2" tag="740">
         <subfield code="a">Pretty lady (tell me why).</subfield>
      </datafield>
      <datafield ind1="0" ind2="2" tag="740">
         <subfield code="a">Mars needs women.</subfield>
      </datafield>
      <datafield ind1="0" ind2="2" tag="740">
         <subfield code="a">Billy bigtime.</subfield>
      </datafield>
      <datafield ind1="0" ind2=" " tag="948">
         <subfield code="a">20161201</subfield>
         <subfield code="b">i</subfield>
         <subfield code="d">bak24</subfield>
         <subfield code="e">lts</subfield>
      </datafield>
      <datafield ind1="1" ind2=" " tag="948">
         <subfield code="a">20161201</subfield>
         <subfield code="b">c</subfield>
         <subfield code="d">bak24</subfield>
         <subfield code="e">lts</subfield>
      </datafield>
      <datafield ind1="2" ind2=" " tag="948">
         <subfield code="a">20161202</subfield>
         <subfield code="b">m</subfield>
         <subfield code="d">batch</subfield>
         <subfield code="e">lts</subfield>
         <subfield code="x">deloclcprefix</subfield>
      </datafield>
   </record>