
   <record>
      <leader>01880cjm a2200493Ia 4500</leader>
      <controlfield tag="001">9714152</controlfield>
      <controlfield tag="005">20161209075113.0</controlfield>
      <controlfield tag="007">sd bsmennmplue</controlfield>
      <controlfield tag="008">780207s1976    nyurcnn           n eng d</controlfield>
      <datafield ind1="0" ind2="2" tag="028">
         <subfield code="a">PE 34761</subfield>
         <subfield code="b">Epic</subfield>
      </datafield>
      <datafield ind1=" " ind2=" " tag="035">
         <subfield code="a">(OCoLC)3614739</subfield>
      </datafield>
      <datafield ind1=" " ind2=" " tag="035">
         <subfield code="a">9714152</subfield>
      </datafield>
      <datafield ind1=" " ind2=" " tag="040">
         <subfield code="a">WSU</subfield>
         <subfield code="b">eng</subfield>
         <subfield code="c">WSU</subfield>
         <subfield code="d">BGU</subfield>
         <subfield code="d">OCLCQ</subfield>
         <subfield code="d">OCLCF</subfield>
         <subfield code="d">OCLCO</subfield>
         <subfield code="d">OCL</subfield>
         <subfield code="d">OCLCQ</subfield>
         <subfield code="d">NIC</subfield>
      </datafield>
      <datafield ind1=" " ind2=" " tag="045">
         <subfield code="a">x7x7</subfield>
      </datafield>
      <datafield ind1=" " ind2="4" tag="050">
         <subfield code="a">M1630.18.T46</subfield>
         <subfield code="b">T6</subfield>
      </datafield>
      <datafield ind1="1" ind2=" " tag="100">
         <subfield code="a">Temperton, Rod.</subfield>
         <subfield code="4">cmp</subfield>
         <subfield code="4">prf</subfield>
      </datafield>
      <datafield ind1="1" ind2="0" tag="245">
         <subfield code="a">Too hot to handle /</subfield>
         <subfield code="c">Heatwave.</subfield>
      </datafield>
      <datafield ind1=" " ind2=" " tag="260">
         <subfield code="a">New York :</subfield>
         <subfield code="b">Epic,</subfield>
         <subfield code="c">&amp;#8471;1976.</subfield>
      </datafield>
      <datafield ind1=" " ind2=" " tag="300">
         <subfield code="a">1 audio disc (38 min.) :</subfield>
         <subfield code="b">analog, 33 1/3 rpm, stereo ;</subfield>
         <subfield code="c">12 in.</subfield>
      </datafield>
      <datafield ind1=" " ind2=" " tag="336">
         <subfield code="a">performed music</subfield>
         <subfield code="b">prm</subfield>
         <subfield code="2">rdacontent</subfield>
      </datafield>
      <datafield ind1=" " ind2=" " tag="337">
         <subfield code="a">audio</subfield>
         <subfield code="b">s</subfield>
         <subfield code="2">rdamedia</subfield>
      </datafield>
      <datafield ind1=" " ind2=" " tag="338">
         <subfield code="a">audio disc</subfield>
         <subfield code="b">sd</subfield>
         <subfield code="2">rdacarrier</subfield>
      </datafield>
      <datafield ind1="0" ind2=" " tag="511">
         <subfield code="a">Rock songs; performed by Heatwave (instrumental and vocal group) ; composed by Rod Temperton.</subfield>
      </datafield>
      <datafield ind1=" " ind2=" " tag="518">
         <subfield code="a">Recorded at Audio International Studios, London.</subfield>
      </datafield>
      <datafield ind1=" " ind2=" " tag="500">
         <subfield code="a">Program notes on container.</subfield>
      </datafield>
      <datafield ind1="0" ind2=" " tag="505">
         <subfield code="a">Too hot to handle -- Boogie nights -- Ain't no half steppin' -- Always and forever -- Super soul sister -- All you do is dial -- Lay it on me -- Sho'nuff must be luv -- Beat your booty.</subfield>
      </datafield>
      <datafield ind1=" " ind2="0" tag="650">
         <subfield code="a">Rock music</subfield>
         <subfield code="y">1971-1980.</subfield>
      </datafield>
      <datafield ind1=" " ind2="0" tag="650">
         <subfield code="a">Popular music</subfield>
         <subfield code="z">England</subfield>
         <subfield code="y">1971-1980.</subfield>
      </datafield>
      <datafield ind1=" " ind2="0" tag="650">
         <subfield code="a">Disco music.</subfield>
      </datafield>
      <datafield ind1=" " ind2="7" tag="650">
         <subfield code="a">Rock music.</subfield>
         <subfield code="2">fast</subfield>
         <subfield code="0">(OCoLC)fst01099204</subfield>
      </datafield>
      <datafield ind1=" " ind2="7" tag="648">
         <subfield code="a">1971-1980</subfield>
         <subfield code="2">fast</subfield>
      </datafield>
      <datafield ind1="2" ind2=" " tag="710">
         <subfield code="a">Heatwave (Musical group)</subfield>
         <subfield code="4">prf</subfield>
      </datafield>
      <datafield ind1="2" ind2=" " tag="710">
         <subfield code="i">Contained in:</subfield>
         <subfield code="a">Afrika Bambaataa Hip Hop Archive.</subfield>
         <subfield code="b">Annotated LPs.</subfield>
         <subfield code="5">NIC</subfield>
      </datafield>
      <datafield ind1="0" ind2=" " tag="740">
         <subfield code="a">Boogie nights.</subfield>
      </datafield>
      <datafield ind1="0" ind2=" " tag="740">
         <subfield code="a">Ain't no half steppin'.</subfield>
      </datafield>
      <datafield ind1="0" ind2=" " tag="740">
         <subfield code="a">Always and forever.</subfield>
      </datafield>
      <datafield ind1="0" ind2=" " tag="740">
         <subfield code="a">Super soul sister.</subfield>
      </datafield>
      <datafield ind1="0" ind2=" " tag="740">
         <subfield code="a">All you do is dial.</subfield>
      </datafield>
      <datafield ind1="0" ind2=" " tag="740">
         <subfield code="a">Lay it on me.</subfield>
      </datafield>
      <datafield ind1="0" ind2=" " tag="740">
         <subfield code="a">Sho'nuff must be luv.</subfield>
      </datafield>
      <datafield ind1="0" ind2=" " tag="740">
         <subfield code="a">Beat your booty.</subfield>
      </datafield>
      <datafield ind1="0" ind2=" " tag="948">
         <subfield code="a">20161205</subfield>
         <subfield code="b">i</subfield>
         <subfield code="d">rc28</subfield>
         <subfield code="e">lts</subfield>
         <subfield code="h">?</subfield>
      </datafield>
      <datafield ind1="1" ind2=" " tag="948">
         <subfield code="a">20161205</subfield>
         <subfield code="b">c</subfield>
         <subfield code="d">rc28</subfield>
         <subfield code="e">lts</subfield>
      </datafield>
      <datafield ind1="2" ind2=" " tag="948">
         <subfield code="a">20161209</subfield>
         <subfield code="b">m</subfield>
         <subfield code="d">batch</subfield>
         <subfield code="e">lts</subfield>
         <subfield code="x">deloclcprefix</subfield>
      </datafield>
   </record>