
   <record>
      <leader>01721cjm a2200457 a 4500</leader>
      <controlfield tag="001">9714317</controlfield>
      <controlfield tag="005">20161209075128.0</controlfield>
      <controlfield tag="007">sd bsmennmplne</controlfield>
      <controlfield tag="008">860905s1976    cauppnn           n eng</controlfield>
      <datafield ind1=" " ind2=" " tag="016">
         <subfield code="a">870508156</subfield>
      </datafield>
      <datafield ind1="0" ind2="2" tag="028">
         <subfield code="a">NBLP 7034</subfield>
         <subfield code="b">Casablanca</subfield>
      </datafield>
      <datafield ind1=" " ind2=" " tag="035">
         <subfield code="a">(OCoLC)3424546</subfield>
      </datafield>
      <datafield ind1=" " ind2=" " tag="035">
         <subfield code="a">9714317</subfield>
      </datafield>
      <datafield ind1=" " ind2=" " tag="040">
         <subfield code="a">NLC</subfield>
         <subfield code="b">eng</subfield>
         <subfield code="c">NLC</subfield>
         <subfield code="d">CGP</subfield>
         <subfield code="d">YNG</subfield>
         <subfield code="d">OCLCF</subfield>
         <subfield code="d">OCLCO</subfield>
         <subfield code="d">OCLCQ</subfield>
         <subfield code="d">NIC</subfield>
      </datafield>
      <datafield ind1=" " ind2=" " tag="043">
         <subfield code="a">n-us---</subfield>
      </datafield>
      <datafield ind1=" " ind2=" " tag="045">
         <subfield code="a">x7x7</subfield>
      </datafield>
      <datafield ind1=" " ind2="4" tag="050">
         <subfield code="a">M1630.18.P358</subfield>
         <subfield code="b">C5</subfield>
      </datafield>
      <datafield ind1="0" ind2="1" tag="055">
         <subfield code="a">M1630.18</subfield>
      </datafield>
      <datafield ind1="0" ind2="7" tag="055">
         <subfield code="a">P-disc 33 15,335</subfield>
      </datafield>
      <datafield ind1="0" ind2="4" tag="082">
         <subfield code="a">780</subfield>
         <subfield code="2">19</subfield>
      </datafield>
      <datafield ind1="2" ind2=" " tag="110">
         <subfield code="a">Parliament (Musical group)</subfield>
      </datafield>
      <datafield ind1="1" ind2="4" tag="245">
         <subfield code="a">The clones of Dr. Funkenstein /</subfield>
         <subfield code="c">Parliament.</subfield>
      </datafield>
      <datafield ind1=" " ind2=" " tag="260">
         <subfield code="a">Los Angeles, Calif. :</subfield>
         <subfield code="b">Casablanca,</subfield>
         <subfield code="c">&amp;#8471;1976.</subfield>
      </datafield>
      <datafield ind1=" " ind2=" " tag="300">
         <subfield code="a">1 audio disc :</subfield>
         <subfield code="b">analog, 33 1/3 r/min, stereo ;</subfield>
         <subfield code="c">12 in.</subfield>
      </datafield>
      <datafield ind1=" " ind2=" " tag="336">
         <subfield code="a">performed music</subfield>
         <subfield code="b">prm</subfield>
         <subfield code="2">rdacontent</subfield>
      </datafield>
      <datafield ind1=" " ind2=" " tag="337">
         <subfield code="a">audio</subfield>
         <subfield code="b">s</subfield>
         <subfield code="2">rdamedia</subfield>
      </datafield>
      <datafield ind1=" " ind2=" " tag="338">
         <subfield code="a">audio disc</subfield>
         <subfield code="b">sd</subfield>
         <subfield code="2">rdacarrier</subfield>
      </datafield>
      <datafield ind1=" " ind2=" " tag="500">
         <subfield code="a">Composers include George Clinton and Bernard Worrell, Canadian.</subfield>
      </datafield>
      <datafield ind1="0" ind2=" " tag="505">
         <subfield code="a">Prelude.--Gamin' on ya.--Dr. Funkenstein.--Children of production.--Getten' to know you.--Do that stuff.--Everything is on the one.--I've been watching you.--Funkin' for fun.</subfield>
      </datafield>
      <datafield ind1="0" ind2=" " tag="511">
         <subfield code="a">Rock music; composed by George Clinton and performed by his group, Parliament.</subfield>
      </datafield>
      <datafield ind1=" " ind2="0" tag="650">
         <subfield code="a">Popular music</subfield>
         <subfield code="z">Canada.</subfield>
      </datafield>
      <datafield ind1=" " ind2="0" tag="650">
         <subfield code="a">Rock music.</subfield>
      </datafield>
      <datafield ind1=" " ind2="0" tag="650">
         <subfield code="a">Funk (Music)</subfield>
      </datafield>
      <datafield ind1=" " ind2="7" tag="650">
         <subfield code="a">Popular music.</subfield>
         <subfield code="2">fast</subfield>
         <subfield code="0">(OCoLC)fst01071422</subfield>
      </datafield>
      <datafield ind1=" " ind2="7" tag="651">
         <subfield code="a">Canada.</subfield>
         <subfield code="2">fast</subfield>
         <subfield code="0">(OCoLC)fst01204310</subfield>
      </datafield>
      <datafield ind1="1" ind2=" " tag="700">
         <subfield code="a">Clinton, George.</subfield>
      </datafield>
      <datafield ind1="1" ind2=" " tag="700">
         <subfield code="a">Worrell, Bernie.</subfield>
      </datafield>
      <datafield ind1="2" ind2=" " tag="710">
         <subfield code="i">Contained in:</subfield>
         <subfield code="a">Afrika Bambaataa Hip Hop Archive.</subfield>
         <subfield code="b">Annotated LPs.</subfield>
         <subfield code="5">NIC</subfield>
      </datafield>
      <datafield ind1="0" ind2=" " tag="948">
         <subfield code="a">20161205</subfield>
         <subfield code="b">i</subfield>
         <subfield code="d">rc28</subfield>
         <subfield code="e">lts</subfield>
         <subfield code="h">?</subfield>
      </datafield>
      <datafield ind1="1" ind2=" " tag="948">
         <subfield code="a">20161205</subfield>
         <subfield code="b">c</subfield>
         <subfield code="d">rc28</subfield>
         <subfield code="e">lts</subfield>
      </datafield>
      <datafield ind1="2" ind2=" " tag="948">
         <subfield code="a">20161209</subfield>
         <subfield code="b">m</subfield>
         <subfield code="d">batch</subfield>
         <subfield code="e">lts</subfield>
         <subfield code="x">deloclcprefix</subfield>
      </datafield>
   </record>