
   <record>
      <leader>02393cjm a2200601Ii 4500</leader>
      <controlfield tag="001">9719137</controlfield>
      <controlfield tag="005">20161216081327.0</controlfield>
      <controlfield tag="007">sd bsmennmpnne</controlfield>
      <controlfield tag="008">161209s1973    nyuppnn  f        n eng d</controlfield>
      <datafield ind1="0" ind2="2" tag="028">
         <subfield code="a">LP-111</subfield>
         <subfield code="b">Paul Winley Records</subfield>
      </datafield>
      <datafield ind1=" " ind2=" " tag="035">
         <subfield code="a">(OCoLC)965672828</subfield>
      </datafield>
      <datafield ind1=" " ind2=" " tag="035">
         <subfield code="a">9719137</subfield>
      </datafield>
      <datafield ind1=" " ind2=" " tag="040">
         <subfield code="a">COO</subfield>
         <subfield code="b">eng</subfield>
         <subfield code="c">COO</subfield>
      </datafield>
      <datafield ind1="0" ind2=" " tag="041">
         <subfield code="g">eng</subfield>
      </datafield>
      <datafield ind1="2" ind2=" " tag="110">
         <subfield code="a">Jimmy Castor Bunch.</subfield>
      </datafield>
      <datafield ind1="1" ind2="4" tag="245">
         <subfield code="a">The Jimmy Castor story :</subfield>
         <subfield code="b">"from the roots" /</subfield>
         <subfield code="c">Jimmy Castor Bunch.</subfield>
      </datafield>
      <datafield ind1="3" ind2="0" tag="246">
         <subfield code="a">From the roots</subfield>
      </datafield>
      <datafield ind1=" " ind2="1" tag="264">
         <subfield code="a">N[ew] Y[ork], N.Y. :</subfield>
         <subfield code="b">Paul Winley Records,</subfield>
         <subfield code="c">[1973]</subfield>
      </datafield>
      <datafield ind1=" " ind2=" " tag="300">
         <subfield code="a">1 audio disc ;</subfield>
         <subfield code="c">12 in.</subfield>
      </datafield>
      <datafield ind1=" " ind2=" " tag="336">
         <subfield code="a">performed music</subfield>
         <subfield code="b">prm</subfield>
         <subfield code="2">rdacontent</subfield>
      </datafield>
      <datafield ind1=" " ind2=" " tag="337">
         <subfield code="a">audio</subfield>
         <subfield code="b">s</subfield>
         <subfield code="2">rdamedia</subfield>
      </datafield>
      <datafield ind1=" " ind2=" " tag="338">
         <subfield code="a">audio disc</subfield>
         <subfield code="b">sd</subfield>
         <subfield code="2">rdacarrier</subfield>
      </datafield>
      <datafield ind1=" " ind2=" " tag="340">
         <subfield code="a">vinyl</subfield>
         <subfield code="b">12 in.</subfield>
         <subfield code="2">rda</subfield>
      </datafield>
      <datafield ind1=" " ind2=" " tag="344">
         <subfield code="a">analog</subfield>
         <subfield code="c">33 1/3 rpm</subfield>
         <subfield code="g">stereo</subfield>
         <subfield code="2">rda</subfield>
      </datafield>
      <datafield ind1=" " ind2=" " tag="500">
         <subfield code="a">Jacket notes by Paul Winley tell the story of Jimmy Castor and his band.</subfield>
      </datafield>
      <datafield ind1=" " ind2=" " tag="500">
         <subfield code="a">Previously recorded material (1967); then released in 1973.</subfield>
      </datafield>
      <datafield ind1=" " ind2=" " tag="500">
         <subfield code="a">All tunes written by: Castor-Pruitt.</subfield>
      </datafield>
      <datafield ind1="0" ind2=" " tag="511">
         <subfield code="a">Co-composed and performed by Jimmy Castor Bunch, vocals, tenor saxophone ; with accompanying musicians.</subfield>
      </datafield>
      <datafield ind1="0" ind2="0" tag="505">
         <subfield code="t">Soul sister</subfield>
         <subfield code="g">(3:12) --</subfield>
         <subfield code="t">Rattle snake</subfield>
         <subfield code="g">(2:39) --</subfield>
         <subfield code="t">It's "ok"</subfield>
         <subfield code="g">(2:32) --</subfield>
         <subfield code="t">A dream affair</subfield>
         <subfield code="g">(2:50) --</subfield>
         <subfield code="t">Oh Susanna</subfield>
         <subfield code="g">(2:18) --</subfield>
         <subfield code="t">Poor loser</subfield>
         <subfield code="g">(2:30) --</subfield>
         <subfield code="t">Block party</subfield>
         <subfield code="g">(2:32) --</subfield>
         <subfield code="t">It's what you give</subfield>
         <subfield code="g">(2:59) --</subfield>
         <subfield code="t">Why</subfield>
         <subfield code="g">(2:30) --</subfield>
         <subfield code="t">Trudies place</subfield>
         <subfield code="g">(2:05) --</subfield>
         <subfield code="t">Fabulous New York</subfield>
         <subfield code="g">(3:03) --</subfield>
         <subfield code="t">Hangin' out</subfield>
         <subfield code="g">(1:55).</subfield>
      </datafield>
      <datafield ind1=" " ind2="0" tag="650">
         <subfield code="a">Soul music.</subfield>
      </datafield>
      <datafield ind1=" " ind2="0" tag="650">
         <subfield code="a">Funk (Music)</subfield>
      </datafield>
      <datafield ind1=" " ind2="0" tag="650">
         <subfield code="a">Popular music</subfield>
         <subfield code="z">United States</subfield>
         <subfield code="y">1961-1970.</subfield>
      </datafield>
      <datafield ind1=" " ind2="7" tag="655">
         <subfield code="a">Soul music.</subfield>
         <subfield code="2">fast</subfield>
         <subfield code="0">(OCoLC)fst01726745</subfield>
      </datafield>
      <datafield ind1=" " ind2="7" tag="655">
         <subfield code="a">Soul music.</subfield>
         <subfield code="2">lcgft</subfield>
      </datafield>
      <datafield ind1=" " ind2="7" tag="655">
         <subfield code="a">Funk (Music)</subfield>
         <subfield code="2">lcgft</subfield>
      </datafield>
      <datafield ind1="1" ind2=" " tag="700">
         <subfield code="a">Castor, Jimmy.</subfield>
      </datafield>
      <datafield ind1="2" ind2=" " tag="710">
         <subfield code="i">Contained in:</subfield>
         <subfield code="a">Afrika Bambaataa Hip Hop Archive.</subfield>
         <subfield code="b">Annotated LPs.</subfield>
         <subfield code="5">NIC</subfield>
      </datafield>
      <datafield ind1="0" ind2="2" tag="740">
         <subfield code="a">Soul sister.</subfield>
      </datafield>
      <datafield ind1="0" ind2="2" tag="740">
         <subfield code="a">Rattle snake.</subfield>
      </datafield>
      <datafield ind1="0" ind2="2" tag="740">
         <subfield code="a">It's "ok".</subfield>
      </datafield>
      <datafield ind1="0" ind2="2" tag="740">
         <subfield code="a">Dream affair.</subfield>
      </datafield>
      <datafield ind1="0" ind2="2" tag="740">
         <subfield code="a">Oh Susanna.</subfield>
      </datafield>
      <datafield ind1="0" ind2="2" tag="740">
         <subfield code="a">Poor loser.</subfield>
      </datafield>
      <datafield ind1="0" ind2="2" tag="740">
         <subfield code="a">Block party.</subfield>
      </datafield>
      <datafield ind1="0" ind2="2" tag="740">
         <subfield code="a">It's what you give.</subfield>
      </datafield>
      <datafield ind1="0" ind2="2" tag="740">
         <subfield code="a">Why.</subfield>
      </datafield>
      <datafield ind1="0" ind2="2" tag="740">
         <subfield code="a">Trudies place.</subfield>
      </datafield>
      <datafield ind1="0" ind2="2" tag="740">
         <subfield code="a">Fabulous New York.</subfield>
      </datafield>
      <datafield ind1="0" ind2="2" tag="740">
         <subfield code="a">Hangin' out.</subfield>
      </datafield>
      <datafield ind1="4" ind2="2" tag="856">
         <subfield code="i">Description with image:</subfield>
         <subfield code="u">https://www.discogs.com/Jimmy-Castor-The-Jimmy-Castor-Story-From-The-Roots/release/1680028</subfield>
      </datafield>
      <datafield ind1="0" ind2=" " tag="948">
         <subfield code="a">20161209</subfield>
         <subfield code="b">i</subfield>
         <subfield code="d">bak24</subfield>
         <subfield code="e">lts</subfield>
      </datafield>
      <datafield ind1="1" ind2=" " tag="948">
         <subfield code="a">20161209</subfield>
         <subfield code="b">o</subfield>
         <subfield code="d">bak24</subfield>
         <subfield code="e">lts</subfield>
      </datafield>
      <datafield ind1="2" ind2=" " tag="948">
         <subfield code="a">20161216</subfield>
         <subfield code="b">m</subfield>
         <subfield code="d">batch</subfield>
         <subfield code="e">lts</subfield>
         <subfield code="x">deloclcprefix</subfield>
      </datafield>
   </record>