
   <record>
      <leader>01616cjm a2200385Ia 4500</leader>
      <controlfield tag="001">9719138</controlfield>
      <controlfield tag="005">20161216081328.0</controlfield>
      <controlfield tag="007">sd bsmenn||||e</controlfield>
      <controlfield tag="008">031112s1974    nyujznn           n zxx d</controlfield>
      <datafield ind1="0" ind2="2" tag="028">
         <subfield code="a">SES-19749</subfield>
         <subfield code="b">Strata-East</subfield>
      </datafield>
      <datafield ind1="0" ind2="0" tag="033">
         <subfield code="a">19740219</subfield>
      </datafield>
      <datafield ind1=" " ind2=" " tag="035">
         <subfield code="a">(OCoLC)53398415</subfield>
      </datafield>
      <datafield ind1=" " ind2=" " tag="035">
         <subfield code="a">9719138</subfield>
      </datafield>
      <datafield ind1=" " ind2=" " tag="040">
         <subfield code="a">IXA</subfield>
         <subfield code="b">eng</subfield>
         <subfield code="c">IXA</subfield>
         <subfield code="d">OCLCQ</subfield>
         <subfield code="d">OCLCF</subfield>
         <subfield code="d">OCLCO</subfield>
         <subfield code="d">OBE</subfield>
         <subfield code="d">OCL</subfield>
         <subfield code="d">OCLCQ</subfield>
      </datafield>
      <datafield ind1="1" ind2=" " tag="100">
         <subfield code="a">Irvine, Weldon.</subfield>
         <subfield code="4">prf</subfield>
      </datafield>
      <datafield ind1="1" ind2="0" tag="245">
         <subfield code="a">In harmony /</subfield>
         <subfield code="c">Weldon Irvine.</subfield>
      </datafield>
      <datafield ind1=" " ind2=" " tag="260">
         <subfield code="a">N[ew] Y[ork], N.Y. :</subfield>
         <subfield code="b">Strata-East,</subfield>
         <subfield code="c">&amp;#8471;1974.</subfield>
      </datafield>
      <datafield ind1=" " ind2=" " tag="300">
         <subfield code="a">1 audio disc :</subfield>
         <subfield code="b">analog, 33 1/3 rpm, stereo ;</subfield>
         <subfield code="c">12 in.</subfield>
      </datafield>
      <datafield ind1=" " ind2=" " tag="336">
         <subfield code="a">performed music</subfield>
         <subfield code="b">prm</subfield>
         <subfield code="2">rdacontent</subfield>
      </datafield>
      <datafield ind1=" " ind2=" " tag="337">
         <subfield code="a">audio</subfield>
         <subfield code="b">s</subfield>
         <subfield code="2">rdamedia</subfield>
      </datafield>
      <datafield ind1=" " ind2=" " tag="338">
         <subfield code="a">audio disc</subfield>
         <subfield code="b">sd</subfield>
         <subfield code="2">rdacarrier</subfield>
      </datafield>
      <datafield ind1="0" ind2=" " tag="511">
         <subfield code="a">Weldon Irvine, keyboards ; featuring "Virginia" Joe Jones, piano ; with acc. musicians.</subfield>
      </datafield>
      <datafield ind1=" " ind2=" " tag="518">
         <subfield code="a">Recorded in New York, Feb. 19, 1974.</subfield>
      </datafield>
      <datafield ind1="0" ind2=" " tag="505">
         <subfield code="a">Fat mouth -- Turkish bath -- Pleasure, pain &amp; me -- Down home -- Marjorie moon -- Sweet Georgia Brown -- What are you doing for the rest of your life -- Gemini mood.</subfield>
      </datafield>
      <datafield ind1=" " ind2="0" tag="650">
         <subfield code="a">Jazz</subfield>
         <subfield code="y">1971-1980.</subfield>
      </datafield>
      <datafield ind1=" " ind2="7" tag="650">
         <subfield code="a">Jazz.</subfield>
         <subfield code="2">fast</subfield>
         <subfield code="0">(OCoLC)fst00982165</subfield>
      </datafield>
      <datafield ind1=" " ind2="7" tag="648">
         <subfield code="a">1971-1980</subfield>
         <subfield code="2">fast</subfield>
      </datafield>
      <datafield ind1="1" ind2=" " tag="700">
         <subfield code="a">Jones, Joe,</subfield>
         <subfield code="d">1926-2005.</subfield>
         <subfield code="4">prf</subfield>
      </datafield>
      <datafield ind1="0" ind2=" " tag="700">
         <subfield code="a">Afrika Bambaataa,</subfield>
         <subfield code="d">1957-</subfield>
         <subfield code="e">signer.</subfield>
         <subfield code="5">NIC</subfield>
      </datafield>
      <datafield ind1="2" ind2=" " tag="710">
         <subfield code="i">Contained in:</subfield>
         <subfield code="a">Afrika Bambaataa Hip Hop Archive.</subfield>
         <subfield code="b">Annotated LPs.</subfield>
         <subfield code="5">NIC</subfield>
      </datafield>
      <datafield ind1="4" ind2="2" tag="856">
         <subfield code="u">http://www.oberlin.edu/library/neumann/N_LP_014866-a.jpg</subfield>
         <subfield code="z">front.</subfield>
      </datafield>
      <datafield ind1="4" ind2="2" tag="856">
         <subfield code="u">http://www.oberlin.edu/library/neumann/N_LP_014866-b.jpg</subfield>
         <subfield code="z">back.</subfield>
      </datafield>
      <datafield ind1="0" ind2=" " tag="948">
         <subfield code="a">20161209</subfield>
         <subfield code="b">i</subfield>
         <subfield code="d">bak24</subfield>
         <subfield code="e">lts</subfield>
      </datafield>
      <datafield ind1="1" ind2=" " tag="948">
         <subfield code="a">20161209</subfield>
         <subfield code="b">c</subfield>
         <subfield code="d">bak24</subfield>
         <subfield code="e">lts</subfield>
      </datafield>
      <datafield ind1="2" ind2=" " tag="948">
         <subfield code="a">20161216</subfield>
         <subfield code="b">m</subfield>
         <subfield code="d">batch</subfield>
         <subfield code="e">lts</subfield>
         <subfield code="x">deloclcprefix</subfield>
      </datafield>
   </record>