
   <record>
      <leader>02207cjm a2200553Ia 4500</leader>
      <controlfield tag="001">9719145</controlfield>
      <controlfield tag="005">20161218133435.0</controlfield>
      <controlfield tag="007">sd bmmennmplne</controlfield>
      <controlfield tag="008">080527t19781978tr ppn              eng d</controlfield>
      <datafield ind1="0" ind2="2" tag="028">
         <subfield code="a">CR-666</subfield>
         <subfield code="b">CLO Records</subfield>
      </datafield>
      <datafield ind1=" " ind2=" " tag="035">
         <subfield code="a">(OCoLC)228861955</subfield>
      </datafield>
      <datafield ind1=" " ind2=" " tag="040">
         <subfield code="a">BWS</subfield>
         <subfield code="b">eng</subfield>
         <subfield code="c">BWS</subfield>
         <subfield code="d">OCLCF</subfield>
         <subfield code="d">OCLCQ</subfield>
         <subfield code="d">COO</subfield>
      </datafield>
      <datafield ind1=" " ind2=" " tag="043">
         <subfield code="a">nwtr---</subfield>
      </datafield>
      <datafield ind1=" " ind2="4" tag="050">
         <subfield code="a">M1681.T7</subfield>
         <subfield code="b">R67 M37 1978</subfield>
      </datafield>
      <datafield ind1="0" ind2=" " tag="100">
         <subfield code="a">Calypso Rose.</subfield>
      </datafield>
      <datafield ind1="1" ind2="0" tag="245">
         <subfield code="a">Mas fever /</subfield>
         <subfield code="c">Calypso Rose.</subfield>
      </datafield>
      <datafield ind1="1" ind2=" " tag="246">
         <subfield code="i">Title on container:</subfield>
         <subfield code="a">Mass fever</subfield>
      </datafield>
      <datafield ind1=" " ind2="1" tag="264">
         <subfield code="a">Port of Spain, Trinidad and Tobago :</subfield>
         <subfield code="b">CLO Records,</subfield>
         <subfield code="c">[1978]</subfield>
      </datafield>
      <datafield ind1=" " ind2="4" tag="264">
         <subfield code="c">&amp;#8471;1978</subfield>
      </datafield>
      <datafield ind1=" " ind2=" " tag="300">
         <subfield code="a">1 audio disc (approximately 33 min.) ;</subfield>
         <subfield code="c">12 in.</subfield>
      </datafield>
      <datafield ind1=" " ind2=" " tag="336">
         <subfield code="a">performed music</subfield>
         <subfield code="b">prm</subfield>
         <subfield code="2">rdacontent</subfield>
      </datafield>
      <datafield ind1=" " ind2=" " tag="337">
         <subfield code="a">audio</subfield>
         <subfield code="b">s</subfield>
         <subfield code="2">rdamedia</subfield>
      </datafield>
      <datafield ind1=" " ind2=" " tag="338">
         <subfield code="a">audio disc</subfield>
         <subfield code="b">sd</subfield>
         <subfield code="2">rdacarrier</subfield>
      </datafield>
      <datafield ind1=" " ind2=" " tag="340">
         <subfield code="a">vinyl</subfield>
         <subfield code="b">12 in.</subfield>
      </datafield>
      <datafield ind1=" " ind2=" " tag="344">
         <subfield code="a">analog</subfield>
         <subfield code="c">33 1/3 rpm</subfield>
         <subfield code="g">mono</subfield>
         <subfield code="2">rda</subfield>
      </datafield>
      <datafield ind1="0" ind2=" " tag="511">
         <subfield code="a">Composed by Calypso Rose ; arranged by Pelham Goddard ; chorus by Starphire and Patsy Holder ; music by Charlie's Roots.</subfield>
      </datafield>
      <datafield ind1=" " ind2=" " tag="518">
         <subfield code="a">Recorded at K.H. Studios, Sea Lot , Trinidad and Tobago.</subfield>
      </datafield>
      <datafield ind1="0" ind2="0" tag="505">
         <subfield code="t">Look she dey</subfield>
         <subfield code="g">(4:03) --</subfield>
         <subfield code="t">Jourvert Tobago</subfield>
         <subfield code="g">(5:17) --</subfield>
         <subfield code="t">Gun play on d parkway</subfield>
         <subfield code="g">(4:29) --</subfield>
         <subfield code="t">Soca in Guyana</subfield>
         <subfield code="g">(3:52) --</subfield>
         <subfield code="t">Mas fever</subfield>
         <subfield code="g">(4:03) --</subfield>
         <subfield code="t">Ezekiel coming</subfield>
         <subfield code="g">(4:19) --</subfield>
         <subfield code="t">Heat in the area</subfield>
         <subfield code="g">(3:39) --</subfield>
         <subfield code="t">I am what I am</subfield>
         <subfield code="g">(3:18).</subfield>
      </datafield>
      <datafield ind1=" " ind2="0" tag="650">
         <subfield code="a">Calypso (Music)</subfield>
      </datafield>
      <datafield ind1=" " ind2="0" tag="650">
         <subfield code="a">Soca.</subfield>
      </datafield>
      <datafield ind1=" " ind2="0" tag="650">
         <subfield code="a">Popular music</subfield>
         <subfield code="z">Trinidad and Tobago.</subfield>
      </datafield>
      <datafield ind1=" " ind2="7" tag="650">
         <subfield code="a">Calypso (Music)</subfield>
         <subfield code="2">fast</subfield>
         <subfield code="0">(OCoLC)fst00844617</subfield>
      </datafield>
      <datafield ind1=" " ind2="7" tag="650">
         <subfield code="a">Popular music.</subfield>
         <subfield code="2">fast</subfield>
         <subfield code="0">(OCoLC)fst01071422</subfield>
      </datafield>
      <datafield ind1=" " ind2="7" tag="651">
         <subfield code="a">Trinidad and Tobago.</subfield>
         <subfield code="2">fast</subfield>
         <subfield code="0">(OCoLC)fst01211577</subfield>
      </datafield>
      <datafield ind1=" " ind2="7" tag="655">
         <subfield code="a">Calypso (Music)</subfield>
         <subfield code="2">lcgft</subfield>
      </datafield>
      <datafield ind1=" " ind2="7" tag="655">
         <subfield code="a">Soca (Music)</subfield>
         <subfield code="2">lcgft</subfield>
      </datafield>
      <datafield ind1="1" ind2=" " tag="700">
         <subfield code="a">Goddard, Pelham.</subfield>
      </datafield>
      <datafield ind1="2" ind2=" " tag="710">
         <subfield code="i">Contained in:</subfield>
         <subfield code="a">Afrika Bambaataa Hip Hop Archive.</subfield>
         <subfield code="b">Annotated LPs.</subfield>
         <subfield code="5">NIC</subfield>
      </datafield>
      <datafield ind1="2" ind2=" " tag="710">
         <subfield code="a">Charlie's Roots (Musical group)</subfield>
      </datafield>
      <datafield ind1="0" ind2="2" tag="740">
         <subfield code="a">Look she dey.</subfield>
      </datafield>
      <datafield ind1="0" ind2="2" tag="740">
         <subfield code="a">Jourvert Tobago.</subfield>
      </datafield>
      <datafield ind1="0" ind2="2" tag="740">
         <subfield code="a">Gun play on d parkway.</subfield>
      </datafield>
      <datafield ind1="0" ind2="2" tag="740">
         <subfield code="a">Soca in Guyana.</subfield>
      </datafield>
      <datafield ind1="0" ind2="2" tag="740">
         <subfield code="a">Ezekiel coming.</subfield>
      </datafield>
      <datafield ind1="0" ind2="2" tag="740">
         <subfield code="a">Heat in the area.</subfield>
      </datafield>
      <datafield ind1="0" ind2="2" tag="740">
         <subfield code="a">I am what I am.</subfield>
      </datafield>
      <datafield ind1="4" ind2="2" tag="856">
         <subfield code="i">Description with image:</subfield>
         <subfield code="u">https://www.discogs.com/Calypso-Rose-Mass-Fever/release/5815815</subfield>
      </datafield>
      <datafield ind1="0" ind2=" " tag="948">
         <subfield code="a">20161209</subfield>
         <subfield code="b">i</subfield>
         <subfield code="d">bak24</subfield>
         <subfield code="e">lts</subfield>
      </datafield>
      <datafield ind1="1" ind2=" " tag="948">
         <subfield code="a">20161209</subfield>
         <subfield code="b">o</subfield>
         <subfield code="d">bak24</subfield>
         <subfield code="e">lts</subfield>
      </datafield>
   </record>