
   <record>
      <leader>01902cjm a2200469Ii 4500</leader>
      <controlfield tag="001">9719175</controlfield>
      <controlfield tag="005">20161218133614.0</controlfield>
      <controlfield tag="007">sd bsmennmplue</controlfield>
      <controlfield tag="008">161210t19771977xxuppnn           n eng</controlfield>
      <datafield ind1="0" ind2="2" tag="028">
         <subfield code="a">LP-305</subfield>
         <subfield code="b">Bold Records</subfield>
      </datafield>
      <datafield ind1=" " ind2=" " tag="035">
         <subfield code="a">(OCoLC)965780939</subfield>
      </datafield>
      <datafield ind1=" " ind2=" " tag="040">
         <subfield code="a">COO</subfield>
         <subfield code="b">eng</subfield>
         <subfield code="c">COO</subfield>
      </datafield>
      <datafield ind1="2" ind2=" " tag="110">
         <subfield code="a">F.A.T. (Musical group)</subfield>
         <subfield code="4">prf</subfield>
      </datafield>
      <datafield ind1="1" ind2="0" tag="245">
         <subfield code="a">Funky and tough /</subfield>
         <subfield code="c">F.A.T.</subfield>
      </datafield>
      <datafield ind1=" " ind2="1" tag="264">
         <subfield code="a">[United States] :</subfield>
         <subfield code="b">Bold Records,</subfield>
         <subfield code="c">[1977]</subfield>
      </datafield>
      <datafield ind1=" " ind2="4" tag="264">
         <subfield code="c">&amp;#8471;1977</subfield>
      </datafield>
      <datafield ind1=" " ind2=" " tag="300">
         <subfield code="a">1 audio disc ;</subfield>
         <subfield code="c">12 in.</subfield>
      </datafield>
      <datafield ind1=" " ind2=" " tag="336">
         <subfield code="a">performed music</subfield>
         <subfield code="b">prm</subfield>
         <subfield code="2">rdacontent</subfield>
      </datafield>
      <datafield ind1=" " ind2=" " tag="337">
         <subfield code="a">audio</subfield>
         <subfield code="b">s</subfield>
         <subfield code="2">rdamedia</subfield>
      </datafield>
      <datafield ind1=" " ind2=" " tag="338">
         <subfield code="a">audio disc</subfield>
         <subfield code="b">sd</subfield>
         <subfield code="2">rdacarrier</subfield>
      </datafield>
      <datafield ind1=" " ind2=" " tag="340">
         <subfield code="a">vinyl</subfield>
         <subfield code="b">12 in.</subfield>
      </datafield>
      <datafield ind1=" " ind2=" " tag="344">
         <subfield code="a">analog</subfield>
         <subfield code="c">33 1/3 rpm</subfield>
         <subfield code="g">stereo</subfield>
         <subfield code="2">rda</subfield>
      </datafield>
      <datafield ind1=" " ind2=" " tag="508">
         <subfield code="a">Produced by Willie Clarke.</subfield>
      </datafield>
      <datafield ind1="0" ind2=" " tag="511">
         <subfield code="a">Performed by F.A.T. (Funky and Tough).</subfield>
      </datafield>
      <datafield ind1="0" ind2="0" tag="505">
         <subfield code="t">How can I explain /</subfield>
         <subfield code="r">(E. Gallon, W. Clarke)</subfield>
         <subfield code="g">(4:39) --</subfield>
         <subfield code="t">Life is a beautiful thing /</subfield>
         <subfield code="r">(E. Gallon, W. Clarke)</subfield>
         <subfield code="g">(2:14) --</subfield>
         <subfield code="t">Feelings /</subfield>
         <subfield code="r">(E. Gallon, W. Clarke)</subfield>
         <subfield code="g">(3:08) --</subfield>
         <subfield code="t">Satan's dream /</subfield>
         <subfield code="r">(E. Gallon, W. Clarke)</subfield>
         <subfield code="g">(4:12) --</subfield>
         <subfield code="t">Magician man /</subfield>
         <subfield code="r">(E. Gallon, W. Clarke)</subfield>
         <subfield code="g">(3:48) --</subfield>
         <subfield code="t">Doing bad /</subfield>
         <subfield code="r">(E. Gallon, W. Clarke)</subfield>
         <subfield code="g">(3:50) --</subfield>
         <subfield code="t">Free my wind /</subfield>
         <subfield code="r">(E. Gallon, W. Clarke)</subfield>
         <subfield code="g">(3:44) --</subfield>
         <subfield code="t">Tip of my tongue /</subfield>
         <subfield code="r">(E. Gallon, M. Odom, W. Clarke)</subfield>
         <subfield code="g">(3:54).</subfield>
      </datafield>
      <datafield ind1=" " ind2="0" tag="650">
         <subfield code="a">Soul music.</subfield>
      </datafield>
      <datafield ind1=" " ind2="0" tag="650">
         <subfield code="a">Funk (Music)</subfield>
      </datafield>
      <datafield ind1=" " ind2="7" tag="655">
         <subfield code="a">Funk (Music)</subfield>
         <subfield code="2">lcgft</subfield>
      </datafield>
      <datafield ind1=" " ind2="7" tag="655">
         <subfield code="a">Soul music.</subfield>
         <subfield code="2">lcgft</subfield>
      </datafield>
      <datafield ind1=" " ind2="7" tag="655">
         <subfield code="a">Sound recordings.</subfield>
         <subfield code="2">lcgft</subfield>
      </datafield>
      <datafield ind1="2" ind2=" " tag="710">
         <subfield code="i">Contained in:</subfield>
         <subfield code="a">Afrika Bambaataa Hip Hop Archive.</subfield>
         <subfield code="b">Annotated LPs.</subfield>
         <subfield code="5">NIC</subfield>
      </datafield>
      <datafield ind1="0" ind2="2" tag="740">
         <subfield code="a">How can I explain.</subfield>
      </datafield>
      <datafield ind1="0" ind2="2" tag="740">
         <subfield code="a">Life is a beautiful thing.</subfield>
      </datafield>
      <datafield ind1="0" ind2="2" tag="740">
         <subfield code="a">Feelings.</subfield>
      </datafield>
      <datafield ind1="0" ind2="2" tag="740">
         <subfield code="a">Satan's dream.</subfield>
      </datafield>
      <datafield ind1="0" ind2="2" tag="740">
         <subfield code="a">Magician man.</subfield>
      </datafield>
      <datafield ind1="0" ind2="2" tag="740">
         <subfield code="a">Doing bad.</subfield>
      </datafield>
      <datafield ind1="0" ind2="2" tag="740">
         <subfield code="a">Free my wind.</subfield>
      </datafield>
      <datafield ind1="0" ind2="2" tag="740">
         <subfield code="a">Tip of my tongue.</subfield>
      </datafield>
      <datafield ind1="4" ind2="2" tag="856">
         <subfield code="i">Description with image:</subfield>
         <subfield code="u">https://www.discogs.com/FAT-Funky-And-Tough/release/4000592</subfield>
      </datafield>
      <datafield ind1="0" ind2=" " tag="948">
         <subfield code="a">20161210</subfield>
         <subfield code="b">i</subfield>
         <subfield code="d">bak24</subfield>
         <subfield code="e">lts</subfield>
      </datafield>
      <datafield ind1="1" ind2=" " tag="948">
         <subfield code="a">20161210</subfield>
         <subfield code="b">o</subfield>
         <subfield code="d">bak24</subfield>
         <subfield code="e">lts</subfield>
      </datafield>
   </record>