
   <record>
      <leader>01601cjm a2200385Ii 4500</leader>
      <controlfield tag="001">9728691</controlfield>
      <controlfield tag="005">20161220064622.0</controlfield>
      <controlfield tag="007">sd bsmennmplne</controlfield>
      <controlfield tag="008">161214t19861986fluppnn           n eng d</controlfield>
      <datafield ind1="0" ind2="2" tag="028">
         <subfield code="a">P-1207</subfield>
         <subfield code="b">Paris International Records &amp; Filmworks, Inc.</subfield>
      </datafield>
      <datafield ind1=" " ind2=" " tag="035">
         <subfield code="a">(OCoLC)966354712</subfield>
      </datafield>
      <datafield ind1=" " ind2=" " tag="035">
         <subfield code="a">9728691</subfield>
      </datafield>
      <datafield ind1=" " ind2=" " tag="040">
         <subfield code="a">COO</subfield>
         <subfield code="b">eng</subfield>
         <subfield code="c">COO</subfield>
      </datafield>
      <datafield ind1="2" ind2=" " tag="110">
         <subfield code="a">Maga (Musical group)</subfield>
      </datafield>
      <datafield ind1="1" ind2="0" tag="245">
         <subfield code="a">When push comes to shove /</subfield>
         <subfield code="c">Maga ; featuring Madelin Red.</subfield>
      </datafield>
      <datafield ind1=" " ind2="1" tag="264">
         <subfield code="a">Miami, FL :</subfield>
         <subfield code="b">Paris International Records &amp; Filmworks, Inc.,</subfield>
         <subfield code="c">[1986]</subfield>
      </datafield>
      <datafield ind1=" " ind2="4" tag="264">
         <subfield code="c">&amp;#8471;1986</subfield>
      </datafield>
      <datafield ind1=" " ind2=" " tag="300">
         <subfield code="a">1 audio disc ;</subfield>
         <subfield code="c">12 in.</subfield>
      </datafield>
      <datafield ind1=" " ind2=" " tag="336">
         <subfield code="a">performed music</subfield>
         <subfield code="b">prm</subfield>
         <subfield code="2">rdacontent</subfield>
      </datafield>
      <datafield ind1=" " ind2=" " tag="337">
         <subfield code="a">audio</subfield>
         <subfield code="b">s</subfield>
         <subfield code="2">rdamedia</subfield>
      </datafield>
      <datafield ind1=" " ind2=" " tag="338">
         <subfield code="a">audio disc</subfield>
         <subfield code="b">sd</subfield>
         <subfield code="2">rdacarrier</subfield>
      </datafield>
      <datafield ind1=" " ind2=" " tag="340">
         <subfield code="a">vinyl</subfield>
         <subfield code="b">12 in.</subfield>
      </datafield>
      <datafield ind1=" " ind2=" " tag="344">
         <subfield code="a">analog</subfield>
         <subfield code="c">33 1/3 rpm</subfield>
         <subfield code="g">stereo</subfield>
         <subfield code="2">rda</subfield>
      </datafield>
      <datafield ind1="0" ind2=" " tag="511">
         <subfield code="a">Performed by Maga ; featuring Madelin Red.</subfield>
      </datafield>
      <datafield ind1=" " ind2=" " tag="518">
         <subfield code="a">Produced, composed, arranged, and mixed by: Ray Martinez ; engineer: Victor Di Pursia ; mix consultant: Ciro Llerena.</subfield>
      </datafield>
      <datafield ind1="0" ind2="0" tag="505">
         <subfield code="t">When push comes to shove /</subfield>
         <subfield code="r">(J.R. Martinez)</subfield>
         <subfield code="g">(7:00) --</subfield>
         <subfield code="t">Instrumental dub</subfield>
         <subfield code="g">(7:00) --</subfield>
         <subfield code="t">Radio version</subfield>
         <subfield code="g">(3:58).</subfield>
      </datafield>
      <datafield ind1=" " ind2="0" tag="650">
         <subfield code="a">House music.</subfield>
      </datafield>
      <datafield ind1=" " ind2="0" tag="650">
         <subfield code="a">Popular music</subfield>
         <subfield code="z">United States</subfield>
         <subfield code="y">1981-1990.</subfield>
      </datafield>
      <datafield ind1="0" ind2=" " tag="700">
         <subfield code="a">Madelin Red.</subfield>
      </datafield>
      <datafield ind1="1" ind2=" " tag="700">
         <subfield code="a">Martinez, Ray,</subfield>
         <subfield code="d">1950-.</subfield>
      </datafield>
      <datafield ind1="2" ind2=" " tag="710">
         <subfield code="i">Contained in:</subfield>
         <subfield code="a">Afrika Bambaataa Hip Hop Archive.</subfield>
         <subfield code="b">Annotated LPs.</subfield>
         <subfield code="5">NIC</subfield>
      </datafield>
      <datafield ind1="4" ind2="2" tag="856">
         <subfield code="i">Description with image:</subfield>
         <subfield code="u">https://www.discogs.com/Maga-2-Featuring-Madelin-Red-When-Push-Comes-To-Shove/release/525162</subfield>
      </datafield>
      <datafield ind1="0" ind2=" " tag="948">
         <subfield code="a">20161214</subfield>
         <subfield code="b">i</subfield>
         <subfield code="d">bak24</subfield>
         <subfield code="e">lts</subfield>
      </datafield>
      <datafield ind1="1" ind2=" " tag="948">
         <subfield code="a">20161214</subfield>
         <subfield code="b">o</subfield>
         <subfield code="d">bak24</subfield>
         <subfield code="e">lts</subfield>
      </datafield>
      <datafield ind1="2" ind2=" " tag="948">
         <subfield code="a">20161216</subfield>
         <subfield code="b">m</subfield>
         <subfield code="d">batch</subfield>
         <subfield code="e">lts</subfield>
         <subfield code="x">deloclcprefix</subfield>
      </datafield>
   </record>