
   <record>
      <leader>02339cjm a2200517Ii 4500</leader>
      <controlfield tag="001">9729738</controlfield>
      <controlfield tag="005">20161216081636.0</controlfield>
      <controlfield tag="007">sd bsmennmplue</controlfield>
      <controlfield tag="008">161215t19741974nyuzznn           n eng</controlfield>
      <datafield ind1="0" ind2="2" tag="028">
         <subfield code="a">BRC 7-7001</subfield>
         <subfield code="b">BRC</subfield>
      </datafield>
      <datafield ind1=" " ind2=" " tag="035">
         <subfield code="a">(OCoLC)966293402</subfield>
      </datafield>
      <datafield ind1=" " ind2=" " tag="035">
         <subfield code="a">9729738</subfield>
      </datafield>
      <datafield ind1=" " ind2=" " tag="040">
         <subfield code="a">COO</subfield>
         <subfield code="b">eng</subfield>
         <subfield code="c">COO</subfield>
      </datafield>
      <datafield ind1="2" ind2=" " tag="110">
         <subfield code="a">Eliminators (Soul group)</subfield>
      </datafield>
      <datafield ind1="1" ind2="0" tag="245">
         <subfield code="a">Loving explosion /</subfield>
         <subfield code="c">The Eliminators.</subfield>
      </datafield>
      <datafield ind1=" " ind2="1" tag="264">
         <subfield code="a">New York :</subfield>
         <subfield code="b">BRC,</subfield>
         <subfield code="c">[1974]</subfield>
      </datafield>
      <datafield ind1=" " ind2="4" tag="264">
         <subfield code="c">&amp;#8471;1974</subfield>
      </datafield>
      <datafield ind1=" " ind2=" " tag="300">
         <subfield code="a">1 audio disc ;</subfield>
         <subfield code="c">12 in.</subfield>
      </datafield>
      <datafield ind1=" " ind2=" " tag="336">
         <subfield code="a">performed music</subfield>
         <subfield code="b">prm</subfield>
         <subfield code="2">rdacontent</subfield>
      </datafield>
      <datafield ind1=" " ind2=" " tag="337">
         <subfield code="a">audio</subfield>
         <subfield code="b">s</subfield>
         <subfield code="2">rdamedia</subfield>
      </datafield>
      <datafield ind1=" " ind2=" " tag="338">
         <subfield code="a">audio disc</subfield>
         <subfield code="b">sd</subfield>
         <subfield code="2">rdacarrier</subfield>
      </datafield>
      <datafield ind1=" " ind2=" " tag="340">
         <subfield code="a">vinyl</subfield>
         <subfield code="b">12 in.</subfield>
      </datafield>
      <datafield ind1=" " ind2=" " tag="344">
         <subfield code="a">analog</subfield>
         <subfield code="c">33 1/3 rpm</subfield>
         <subfield code="g">stereo</subfield>
         <subfield code="2">rda</subfield>
      </datafield>
      <datafield ind1=" " ind2=" " tag="500">
         <subfield code="a">11- piece funk/soul band from Winston-Salem, N.C.</subfield>
      </datafield>
      <datafield ind1=" " ind2=" " tag="508">
         <subfield code="a">Produced by Alonzo Tucker.</subfield>
      </datafield>
      <datafield ind1="0" ind2=" " tag="511">
         <subfield code="a">Performed by The Eliminators.</subfield>
      </datafield>
      <datafield ind1=" " ind2=" " tag="518">
         <subfield code="a">Recorded at Reflection Sound Studio, in Charlotte, N.C and O.D.O. Sounds on 54th St., New York.</subfield>
      </datafield>
      <datafield ind1="0" ind2="0" tag="505">
         <subfield code="t">Loving explosion /</subfield>
         <subfield code="r">(Carl Johnson-Alonso Tucker)</subfield>
         <subfield code="g">(3:00) --</subfield>
         <subfield code="t">Get satisfied /</subfield>
         <subfield code="r">(Carl Johnson-Alonso Tucker)</subfield>
         <subfield code="g">(2:47) --</subfield>
         <subfield code="t">Love your woman /</subfield>
         <subfield code="r">(Donald Clark-Alonso Tucker)</subfield>
         <subfield code="g">(3:09) --</subfield>
         <subfield code="t">Give it up /</subfield>
         <subfield code="r">(Carl Johnson-Alonso Tucker)</subfield>
         <subfield code="g">(3:04) --</subfield>
         <subfield code="t">Try, try, try /</subfield>
         <subfield code="r">(Donald Clark-Alonzo Tucker)</subfield>
         <subfield code="g">(4:05) --</subfield>
         <subfield code="t">Blood donors needed (Give all you can) /</subfield>
         <subfield code="r">(Robert E. Miller)</subfield>
         <subfield code="g">(3:36) --</subfield>
         <subfield code="t">Taking love, and making love /</subfield>
         <subfield code="r">(Carl Johnson-Alonso Tucker)</subfield>
         <subfield code="g">(4:06) --</subfield>
         <subfield code="t">Get satisfied pt. 2 /</subfield>
         <subfield code="r">(Carl Johnson-Alonso Tucker)</subfield>
         <subfield code="g">(2:47) --</subfield>
         <subfield code="t">Loose hips /</subfield>
         <subfield code="r">(N. Williams-J. Robinson-C. Johnson)</subfield>
         <subfield code="g">(3:43) --</subfield>
         <subfield code="t">Rump bump /</subfield>
         <subfield code="r">(Carl Johnson-Alonso Tucker)</subfield>
         <subfield code="g">(3:50).</subfield>
      </datafield>
      <datafield ind1=" " ind2="0" tag="650">
         <subfield code="a">Soul music.</subfield>
      </datafield>
      <datafield ind1=" " ind2="0" tag="650">
         <subfield code="a">Funk (Music)</subfield>
      </datafield>
      <datafield ind1=" " ind2="7" tag="655">
         <subfield code="a">Funk (Music)</subfield>
         <subfield code="2">lcgft</subfield>
      </datafield>
      <datafield ind1=" " ind2="7" tag="655">
         <subfield code="a">Soul music.</subfield>
         <subfield code="2">lcgft</subfield>
      </datafield>
      <datafield ind1=" " ind2="7" tag="655">
         <subfield code="a">Sound recordings.</subfield>
         <subfield code="2">lcgft</subfield>
      </datafield>
      <datafield ind1="2" ind2=" " tag="710">
         <subfield code="i">Contained in:</subfield>
         <subfield code="a">Afrika Bambaataa Hip Hop Archive.</subfield>
         <subfield code="b">Annotated LPs.</subfield>
         <subfield code="5">NIC</subfield>
      </datafield>
      <datafield ind1="0" ind2="2" tag="740">
         <subfield code="a">Get satisfied.</subfield>
      </datafield>
      <datafield ind1="0" ind2="2" tag="740">
         <subfield code="a">Love your woman.</subfield>
      </datafield>
      <datafield ind1="0" ind2="2" tag="740">
         <subfield code="a">Give it up.</subfield>
      </datafield>
      <datafield ind1="0" ind2="2" tag="740">
         <subfield code="a">Try, try, try.</subfield>
      </datafield>
      <datafield ind1="0" ind2="2" tag="740">
         <subfield code="a">Blood donors needed.</subfield>
      </datafield>
      <datafield ind1="0" ind2="2" tag="740">
         <subfield code="a">Taking love, and making love.</subfield>
      </datafield>
      <datafield ind1="0" ind2="2" tag="740">
         <subfield code="a">Loose hips.</subfield>
      </datafield>
      <datafield ind1="0" ind2="2" tag="740">
         <subfield code="a">Rump bump.</subfield>
      </datafield>
      <datafield ind1="4" ind2="2" tag="856">
         <subfield code="i">Description with image:</subfield>
         <subfield code="u">https://www.discogs.com/The-Eliminators-Loving-Explosion/master/155863</subfield>
      </datafield>
      <datafield ind1="0" ind2=" " tag="948">
         <subfield code="a">20161215</subfield>
         <subfield code="b">i</subfield>
         <subfield code="d">bak24</subfield>
         <subfield code="e">lts</subfield>
      </datafield>
      <datafield ind1="1" ind2=" " tag="948">
         <subfield code="a">20161215</subfield>
         <subfield code="b">o</subfield>
         <subfield code="d">bak24</subfield>
         <subfield code="e">lts</subfield>
      </datafield>
      <datafield ind1="2" ind2=" " tag="948">
         <subfield code="a">20161216</subfield>
         <subfield code="b">m</subfield>
         <subfield code="d">batch</subfield>
         <subfield code="e">lts</subfield>
         <subfield code="x">deloclcprefix</subfield>
      </datafield>
   </record>