
   <record>
      <leader>01795cjm a2200505Ii 4500</leader>
      <controlfield tag="001">9732514</controlfield>
      <controlfield tag="005">20161223073735.0</controlfield>
      <controlfield tag="007">sd bsmennmplne</controlfield>
      <controlfield tag="008">161216t19761976nyuzznn           n eng d</controlfield>
      <datafield ind1="0" ind2="2" tag="028">
         <subfield code="a">M2311</subfield>
         <subfield code="b">Makossa</subfield>
      </datafield>
      <datafield ind1="1" ind2="2" tag="028">
         <subfield code="a">K-7588</subfield>
         <subfield code="b">Makossa</subfield>
      </datafield>
      <datafield ind1=" " ind2=" " tag="035">
         <subfield code="a">(OCoLC)966351799</subfield>
      </datafield>
      <datafield ind1=" " ind2=" " tag="035">
         <subfield code="a">9732514</subfield>
      </datafield>
      <datafield ind1=" " ind2=" " tag="040">
         <subfield code="a">COO</subfield>
         <subfield code="b">eng</subfield>
         <subfield code="c">COO</subfield>
      </datafield>
      <datafield ind1="2" ind2=" " tag="110">
         <subfield code="a">Lafayette Afro Rock Band.</subfield>
      </datafield>
      <datafield ind1="1" ind2="0" tag="245">
         <subfield code="a">Malik /</subfield>
         <subfield code="c">Lafayette Afro-Rock Band.</subfield>
      </datafield>
      <datafield ind1=" " ind2="1" tag="264">
         <subfield code="a">New York, New York :</subfield>
         <subfield code="b">Makossa,</subfield>
         <subfield code="c">[1976]</subfield>
      </datafield>
      <datafield ind1=" " ind2="4" tag="264">
         <subfield code="c">&amp;#8471;1976</subfield>
      </datafield>
      <datafield ind1=" " ind2=" " tag="300">
         <subfield code="a">1 audio disc ;</subfield>
         <subfield code="c">12 in.</subfield>
      </datafield>
      <datafield ind1=" " ind2=" " tag="336">
         <subfield code="a">performed music</subfield>
         <subfield code="b">prm</subfield>
         <subfield code="2">rdacontent</subfield>
      </datafield>
      <datafield ind1=" " ind2=" " tag="337">
         <subfield code="a">audio</subfield>
         <subfield code="b">s</subfield>
         <subfield code="2">rdamedia</subfield>
      </datafield>
      <datafield ind1=" " ind2=" " tag="338">
         <subfield code="a">audio disc</subfield>
         <subfield code="b">sd</subfield>
         <subfield code="2">rdacarrier</subfield>
      </datafield>
      <datafield ind1=" " ind2=" " tag="340">
         <subfield code="a">vinyl</subfield>
         <subfield code="2">rda</subfield>
      </datafield>
      <datafield ind1=" " ind2=" " tag="344">
         <subfield code="a">analog</subfield>
         <subfield code="c">33 1/3 rpm</subfield>
         <subfield code="g">stereo</subfield>
         <subfield code="2">rda</subfield>
      </datafield>
      <datafield ind1=" " ind2=" " tag="500">
         <subfield code="a">Title from disc label.</subfield>
      </datafield>
      <datafield ind1="0" ind2="0" tag="505">
         <subfield code="t">Djunji /</subfield>
         <subfield code="r">(Young-Abel-Donable)</subfield>
         <subfield code="g">( 5:40) --</subfield>
         <subfield code="t">Raff /</subfield>
         <subfield code="r">(Leroy Gnomes)</subfield>
         <subfield code="g">3:10) --</subfield>
         <subfield code="t">Conga /</subfield>
         <subfield code="r">(Lafayette Hudson)</subfield>
         <subfield code="g">(5:00) --</subfield>
         <subfield code="t">Avi-vo /</subfield>
         <subfield code="r">(Ronnie James-Arthur Young)</subfield>
         <subfield code="g">(3:30) --</subfield>
         <subfield code="t">Malik /</subfield>
         <subfield code="r">(Donny Donable)</subfield>
         <subfield code="g">(4:53) --</subfield>
         <subfield code="t">Darkest light /</subfield>
         <subfield code="r">(Michael McEwan)</subfield>
         <subfield code="g">(6:15) --</subfield>
         <subfield code="t">Baba hya /</subfield>
         <subfield code="r">(Frank Abel)</subfield>
         <subfield code="g">(5:19).</subfield>
      </datafield>
      <datafield ind1="0" ind2=" " tag="511">
         <subfield code="a">Lafayette Afro Rock Band.</subfield>
      </datafield>
      <datafield ind1=" " ind2="0" tag="650">
         <subfield code="a">Afrobeat.</subfield>
      </datafield>
      <datafield ind1=" " ind2="0" tag="650">
         <subfield code="a">Funk (Music)</subfield>
      </datafield>
      <datafield ind1=" " ind2="0" tag="650">
         <subfield code="a">Soul music.</subfield>
      </datafield>
      <datafield ind1=" " ind2="7" tag="650">
         <subfield code="a">Funk (Music)</subfield>
         <subfield code="2">fast</subfield>
         <subfield code="0">(OCoLC)fst00936376</subfield>
      </datafield>
      <datafield ind1=" " ind2="7" tag="650">
         <subfield code="a">Rock music.</subfield>
         <subfield code="2">fast</subfield>
         <subfield code="0">(OCoLC)fst01099204</subfield>
      </datafield>
      <datafield ind1=" " ind2="7" tag="650">
         <subfield code="a">Soul music.</subfield>
         <subfield code="2">fast</subfield>
         <subfield code="0">(OCoLC)fst01126930</subfield>
      </datafield>
      <datafield ind1=" " ind2="7" tag="655">
         <subfield code="a">Funk (Music)</subfield>
         <subfield code="2">lcgft</subfield>
      </datafield>
      <datafield ind1=" " ind2="7" tag="655">
         <subfield code="a">Soul music.</subfield>
         <subfield code="2">lcgft</subfield>
      </datafield>
      <datafield ind1=" " ind2="7" tag="655">
         <subfield code="a">Afrobeat.</subfield>
         <subfield code="2">lcgft</subfield>
      </datafield>
      <datafield ind1="2" ind2=" " tag="710">
         <subfield code="i">Contained in:</subfield>
         <subfield code="a">Afrika Bambaataa Hip Hop Archive.</subfield>
         <subfield code="b">Annotated LPs.</subfield>
         <subfield code="5">NIC</subfield>
      </datafield>
      <datafield ind1="0" ind2="2" tag="740">
         <subfield code="a">Djunji.</subfield>
      </datafield>
      <datafield ind1="0" ind2="2" tag="740">
         <subfield code="a">Raff.</subfield>
      </datafield>
      <datafield ind1="0" ind2="2" tag="740">
         <subfield code="a">Conga.</subfield>
      </datafield>
      <datafield ind1="0" ind2="2" tag="740">
         <subfield code="a">Avi-vo.</subfield>
      </datafield>
      <datafield ind1="0" ind2="2" tag="740">
         <subfield code="a">Darkest light.</subfield>
      </datafield>
      <datafield ind1="0" ind2=" " tag="948">
         <subfield code="a">20161216</subfield>
         <subfield code="b">i</subfield>
         <subfield code="d">bak24</subfield>
         <subfield code="e">lts</subfield>
      </datafield>
      <datafield ind1="1" ind2=" " tag="948">
         <subfield code="a">20161216</subfield>
         <subfield code="b">o</subfield>
         <subfield code="d">bak24</subfield>
         <subfield code="e">lts</subfield>
      </datafield>
      <datafield ind1="2" ind2=" " tag="948">
         <subfield code="a">20161223</subfield>
         <subfield code="b">m</subfield>
         <subfield code="d">batch</subfield>
         <subfield code="e">lts</subfield>
         <subfield code="x">deloclcprefix</subfield>
      </datafield>
   </record>