
   <record>
      <leader>01414cjm a2200445 a 4500</leader>
      <controlfield tag="001">9743213</controlfield>
      <controlfield tag="005">20170103162658.0</controlfield>
      <controlfield tag="007">sd bumennmplne</controlfield>
      <controlfield tag="008">161219t19791979cauppn              eng d</controlfield>
      <datafield ind1="0" ind2="2" tag="028">
         <subfield code="a">PRO-12-278-D</subfield>
         <subfield code="b">AVI Records</subfield>
      </datafield>
      <datafield ind1=" " ind2=" " tag="035">
         <subfield code="a">(OCoLC)966704268</subfield>
      </datafield>
      <datafield ind1=" " ind2=" " tag="035">
         <subfield code="a">9743213</subfield>
      </datafield>
      <datafield ind1=" " ind2=" " tag="040">
         <subfield code="a">NIC</subfield>
         <subfield code="b">eng</subfield>
         <subfield code="c">NIC</subfield>
      </datafield>
      <datafield ind1="0" ind2=" " tag="100">
         <subfield code="a">Torill.</subfield>
      </datafield>
      <datafield ind1="1" ind2="0" tag="245">
         <subfield code="a">Over and over ;</subfield>
         <subfield code="b">Party music /</subfield>
         <subfield code="c">Torill.</subfield>
      </datafield>
      <datafield ind1=" " ind2="1" tag="264">
         <subfield code="a">[Hollywood, CA] :</subfield>
         <subfield code="b">AVI Records,</subfield>
         <subfield code="c">[1979]</subfield>
      </datafield>
      <datafield ind1=" " ind2="4" tag="264">
         <subfield code="c">&amp;#8471;1979.</subfield>
      </datafield>
      <datafield ind1=" " ind2=" " tag="300">
         <subfield code="a">1 audio disc ;</subfield>
         <subfield code="c">12 in.</subfield>
      </datafield>
      <datafield ind1=" " ind2=" " tag="336">
         <subfield code="a">performed music</subfield>
         <subfield code="b">prm</subfield>
         <subfield code="2">rdacontent</subfield>
      </datafield>
      <datafield ind1=" " ind2=" " tag="337">
         <subfield code="a">audio</subfield>
         <subfield code="b">s</subfield>
         <subfield code="2">rdamedia</subfield>
      </datafield>
      <datafield ind1=" " ind2=" " tag="338">
         <subfield code="a">audio disc</subfield>
         <subfield code="b">sd</subfield>
         <subfield code="2">rdacarrier</subfield>
      </datafield>
      <datafield ind1=" " ind2=" " tag="340">
         <subfield code="a">vinyl</subfield>
         <subfield code="2">rda</subfield>
      </datafield>
      <datafield ind1=" " ind2=" " tag="344">
         <subfield code="a">analog</subfield>
         <subfield code="c">33 1/3 rpm</subfield>
         <subfield code="2">rda</subfield>
      </datafield>
      <datafield ind1=" " ind2=" " tag="500">
         <subfield code="a">Title from disc label.</subfield>
      </datafield>
      <datafield ind1=" " ind2=" " tag="500">
         <subfield code="a">From LP "Torill", OTD-8003.</subfield>
      </datafield>
      <datafield ind1=" " ind2=" " tag="500">
         <subfield code="a">Promotional copy.</subfield>
      </datafield>
      <datafield ind1="0" ind2=" " tag="505">
         <subfield code="a">Over and over (7:15) -- Party music (3:30).</subfield>
      </datafield>
      <datafield ind1=" " ind2="0" tag="650">
         <subfield code="a">Disco music.</subfield>
      </datafield>
      <datafield ind1=" " ind2="0" tag="650">
         <subfield code="a">Popular music.</subfield>
      </datafield>
      <datafield ind1=" " ind2="0" tag="650">
         <subfield code="a">Funk (Music)</subfield>
      </datafield>
      <datafield ind1=" " ind2="0" tag="650">
         <subfield code="a">Soul music.</subfield>
      </datafield>
      <datafield ind1=" " ind2="7" tag="655">
         <subfield code="a">Funk (Music)</subfield>
         <subfield code="2">lcgft</subfield>
      </datafield>
      <datafield ind1=" " ind2="7" tag="655">
         <subfield code="a">Soul music.</subfield>
         <subfield code="2">lcgft</subfield>
      </datafield>
      <datafield ind1=" " ind2="7" tag="655">
         <subfield code="a">Disco music.</subfield>
         <subfield code="2">lcgft</subfield>
      </datafield>
      <datafield ind1=" " ind2="7" tag="655">
         <subfield code="a">Popular music.</subfield>
         <subfield code="2">lcgft</subfield>
      </datafield>
      <datafield ind1="2" ind2=" " tag="710">
         <subfield code="i">Contained in:</subfield>
         <subfield code="a">Afrika Bambaataa Hip Hop Archive.</subfield>
         <subfield code="b">Annotated LPs.</subfield>
         <subfield code="5">NIC</subfield>
      </datafield>
      <datafield ind1="0" ind2="2" tag="740">
         <subfield code="a">Party music.</subfield>
      </datafield>
      <datafield ind1="4" ind2="2" tag="856">
         <subfield code="i">Description with image</subfield>
         <subfield code="u">https://www.discogs.com/Torill-Over-And-Over/release/1278509</subfield>
      </datafield>
      <datafield ind1="0" ind2=" " tag="948">
         <subfield code="a">20161219</subfield>
         <subfield code="b">i</subfield>
         <subfield code="d">rc28</subfield>
         <subfield code="e">lts</subfield>
         <subfield code="h">?</subfield>
      </datafield>
      <datafield ind1="1" ind2=" " tag="948">
         <subfield code="a">20161219</subfield>
         <subfield code="b">o</subfield>
         <subfield code="d">rc28</subfield>
         <subfield code="e">lts</subfield>
      </datafield>
   </record>