
   <record>
      <leader>01448cjm a22003494a 4500</leader>
      <controlfield tag="001">9743264</controlfield>
      <controlfield tag="005">20161223073754.0</controlfield>
      <controlfield tag="007">sd bsmenn|||||</controlfield>
      <controlfield tag="008">100210s1975    cauppnn           n eng d</controlfield>
      <datafield ind1="0" ind2="2" tag="028">
         <subfield code="a">LA-DCP-1909</subfield>
         <subfield code="b">David Crawford</subfield>
      </datafield>
      <datafield ind1=" " ind2=" " tag="035">
         <subfield code="a">(OCoLC)505869296</subfield>
      </datafield>
      <datafield ind1=" " ind2=" " tag="035">
         <subfield code="a">9743264</subfield>
      </datafield>
      <datafield ind1=" " ind2=" " tag="040">
         <subfield code="a">MUM</subfield>
         <subfield code="b">eng</subfield>
         <subfield code="c">MUM</subfield>
         <subfield code="d">OCLCF</subfield>
         <subfield code="d">OCLCQ</subfield>
         <subfield code="d">NIC</subfield>
      </datafield>
      <datafield ind1="1" ind2=" " tag="100">
         <subfield code="a">Crawford, Dave.</subfield>
      </datafield>
      <datafield ind1="1" ind2="0" tag="245">
         <subfield code="a">Here am I /</subfield>
         <subfield code="c">Dave Crawford.</subfield>
      </datafield>
      <datafield ind1=" " ind2=" " tag="260">
         <subfield code="a">Los Angeles, Calif. :</subfield>
         <subfield code="b">Dave Crawford Productions,</subfield>
         <subfield code="c">[1975?]</subfield>
      </datafield>
      <datafield ind1=" " ind2=" " tag="300">
         <subfield code="a">1 audio disc :</subfield>
         <subfield code="b">analog, 33 1/3 rpm, stereo ;</subfield>
         <subfield code="c">12 in.</subfield>
      </datafield>
      <datafield ind1=" " ind2=" " tag="336">
         <subfield code="a">performed music</subfield>
         <subfield code="b">prm</subfield>
         <subfield code="2">rdacontent</subfield>
      </datafield>
      <datafield ind1=" " ind2=" " tag="337">
         <subfield code="a">audio</subfield>
         <subfield code="b">s</subfield>
         <subfield code="2">rdamedia</subfield>
      </datafield>
      <datafield ind1=" " ind2=" " tag="338">
         <subfield code="a">audio disc</subfield>
         <subfield code="b">sd</subfield>
         <subfield code="2">rdacarrier</subfield>
      </datafield>
      <datafield ind1=" " ind2=" " tag="508">
         <subfield code="a">Produced and conducted by Dave Crawford.</subfield>
      </datafield>
      <datafield ind1="0" ind2=" " tag="511">
         <subfield code="a">Dave Crawford, vocals; with ensemble.</subfield>
      </datafield>
      <datafield ind1="0" ind2="0" tag="505">
         <subfield code="t">Hey party</subfield>
         <subfield code="g">(4:42) --</subfield>
         <subfield code="t">No time to lose</subfield>
         <subfield code="g">(5:09) --</subfield>
         <subfield code="t">God is good to me</subfield>
         <subfield code="g">(5:22) --</subfield>
         <subfield code="t">Here am I</subfield>
         <subfield code="g">(1:19) --</subfield>
         <subfield code="t">Here am I (continued)</subfield>
         <subfield code="g">(5:38) --</subfield>
         <subfield code="t">I don't know</subfield>
         <subfield code="g">(3:39) --</subfield>
         <subfield code="t">So true</subfield>
         <subfield code="g">(3:49) --</subfield>
         <subfield code="t">Millionaire</subfield>
         <subfield code="g">(4:47).</subfield>
      </datafield>
      <datafield ind1=" " ind2="0" tag="650">
         <subfield code="a">Funk (Music)</subfield>
      </datafield>
      <datafield ind1=" " ind2="0" tag="650">
         <subfield code="a">Rhythm and blues music.</subfield>
      </datafield>
      <datafield ind1=" " ind2="7" tag="650">
         <subfield code="a">Funk (Music)</subfield>
         <subfield code="2">fast</subfield>
         <subfield code="0">(OCoLC)fst00936376</subfield>
      </datafield>
      <datafield ind1=" " ind2="7" tag="650">
         <subfield code="a">Rhythm and blues music.</subfield>
         <subfield code="2">fast</subfield>
         <subfield code="0">(OCoLC)fst01097281</subfield>
      </datafield>
      <datafield ind1="0" ind2=" " tag="700">
         <subfield code="a">Afrika Bambaataa,</subfield>
         <subfield code="d">1957-</subfield>
         <subfield code="e">signer.</subfield>
         <subfield code="5">NIC</subfield>
      </datafield>
      <datafield ind1="2" ind2=" " tag="710">
         <subfield code="i">Contained in:</subfield>
         <subfield code="a">Afrika Bambaataa Hip Hop Archive.</subfield>
         <subfield code="b">Annotated LPs.</subfield>
         <subfield code="5">NIC</subfield>
      </datafield>
      <datafield ind1="0" ind2=" " tag="948">
         <subfield code="a">20161219</subfield>
         <subfield code="b">i</subfield>
         <subfield code="d">rc28</subfield>
         <subfield code="e">lts</subfield>
         <subfield code="h">?</subfield>
      </datafield>
      <datafield ind1="1" ind2=" " tag="948">
         <subfield code="a">20161219</subfield>
         <subfield code="b">c</subfield>
         <subfield code="d">rc28</subfield>
         <subfield code="e">lts</subfield>
      </datafield>
      <datafield ind1="2" ind2=" " tag="948">
         <subfield code="a">20161223</subfield>
         <subfield code="b">m</subfield>
         <subfield code="d">batch</subfield>
         <subfield code="e">lts</subfield>
         <subfield code="x">deloclcprefix</subfield>
      </datafield>
   </record>