
   <record>
      <leader>01888cjmaa2200493Ka 4500</leader>
      <controlfield tag="001">9755304</controlfield>
      <controlfield tag="005">20170104113707.0</controlfield>
      <controlfield tag="007">sd bsmennmpuuu</controlfield>
      <controlfield tag="008">100616s1979    gauuunn           n eng</controlfield>
      <datafield ind1=" " ind2=" " tag="035">
         <subfield code="a">(OCoLC)ocn641944511</subfield>
      </datafield>
      <datafield ind1=" " ind2=" " tag="040">
         <subfield code="a">CIRBC</subfield>
         <subfield code="b">eng</subfield>
         <subfield code="c">CIRBC</subfield>
         <subfield code="d">OCLCF</subfield>
         <subfield code="d">OCLCQ</subfield>
         <subfield code="d">NIC</subfield>
      </datafield>
      <datafield ind1="0" ind2="2" tag="028">
         <subfield code="a">DD-7778</subfield>
         <subfield code="b">Music Tree Corp.</subfield>
      </datafield>
      <datafield ind1=" " ind2=" " tag="035">
         <subfield code="a">(OCoLC)641944511</subfield>
      </datafield>
      <datafield ind1="0" ind2="4" tag="082">
         <subfield code="a">786/.9</subfield>
      </datafield>
      <datafield ind1=" " ind2=" " tag="049">
         <subfield code="a">COOO</subfield>
      </datafield>
      <datafield ind1="0" ind2="0" tag="245">
         <subfield code="a">Drum drops :</subfield>
         <subfield code="b">volume two /</subfield>
         <subfield code="c">produced by Joey Vieira.</subfield>
      </datafield>
      <datafield ind1="3" ind2=" " tag="246">
         <subfield code="a">DrumDrops.</subfield>
         <subfield code="n">Volume two</subfield>
      </datafield>
      <datafield ind1=" " ind2=" " tag="260">
         <subfield code="a">Whipple, GA :</subfield>
         <subfield code="b">Music Tree Corp.,</subfield>
         <subfield code="c">1979.</subfield>
      </datafield>
      <datafield ind1=" " ind2=" " tag="300">
         <subfield code="a">1 audio disc :</subfield>
         <subfield code="b">analog, 33 1/3 rpm, stereo ;</subfield>
         <subfield code="c">12 in.</subfield>
      </datafield>
      <datafield ind1=" " ind2=" " tag="336">
         <subfield code="a">performed music</subfield>
         <subfield code="b">prm</subfield>
         <subfield code="2">rdacontent</subfield>
      </datafield>
      <datafield ind1=" " ind2=" " tag="337">
         <subfield code="a">audio</subfield>
         <subfield code="b">s</subfield>
         <subfield code="2">rdamedia</subfield>
      </datafield>
      <datafield ind1=" " ind2=" " tag="338">
         <subfield code="a">audio disc</subfield>
         <subfield code="b">sd</subfield>
         <subfield code="2">rdacarrier</subfield>
      </datafield>
      <datafield ind1=" " ind2=" " tag="500">
         <subfield code="a">"The ultimate rhythm machine for practicing, songwriting, or playing any song on any instrument"--Jacket.</subfield>
      </datafield>
      <datafield ind1="0" ind2="0" tag="505">
         <subfield code="t">Intro</subfield>
         <subfield code="g">(2:20) --</subfield>
         <subfield code="t">Samba disco</subfield>
         <subfield code="g">(3:11) --</subfield>
         <subfield code="t">Pulse disco</subfield>
         <subfield code="g">(3:07) --</subfield>
         <subfield code="t">Medium rock ballad</subfield>
         <subfield code="g">(3:27) --</subfield>
         <subfield code="t">Medium rock shuffle</subfield>
         <subfield code="g">(3:35) --</subfield>
         <subfield code="t">Reggae</subfield>
         <subfield code="g">(4:06) -- s. 2.</subfield>
         <subfield code="t">Jazz fusion</subfield>
         <subfield code="g">(3:27) --</subfield>
         <subfield code="t">Hard rock</subfield>
         <subfield code="g">(3:25) --</subfield>
         <subfield code="t">Country rock</subfield>
         <subfield code="g">(3:42) --</subfield>
         <subfield code="t">Syncopated funk</subfield>
         <subfield code="g">(3:50) --</subfield>
         <subfield code="t">Country rock ballad</subfield>
         <subfield code="g">(4:07).</subfield>
      </datafield>
      <datafield ind1="0" ind2=" " tag="511">
         <subfield code="a">Played by David Crigger ; produced by Joey Vieira.</subfield>
      </datafield>
      <datafield ind1=" " ind2="0" tag="650">
         <subfield code="a">Drum music.</subfield>
      </datafield>
      <datafield ind1=" " ind2="7" tag="650">
         <subfield code="a">Drum music.</subfield>
         <subfield code="2">fast</subfield>
         <subfield code="0">(OCoLC)fst01896134</subfield>
      </datafield>
      <datafield ind1="1" ind2=" " tag="700">
         <subfield code="a">Vieira, Joey D.</subfield>
      </datafield>
      <datafield ind1="1" ind2=" " tag="700">
         <subfield code="a">Crigger, David.</subfield>
      </datafield>
      <datafield ind1="2" ind2=" " tag="710">
         <subfield code="i">Contained in:</subfield>
         <subfield code="a">Afrika Bambaataa Hip Hop Archive.</subfield>
         <subfield code="b">Annotated LPs.</subfield>
         <subfield code="5">NIC</subfield>
      </datafield>
      <datafield ind1="0" ind2="2" tag="740">
         <subfield code="a">Introduction.</subfield>
      </datafield>
      <datafield ind1="0" ind2="2" tag="740">
         <subfield code="a">Samba disco.</subfield>
      </datafield>
      <datafield ind1="0" ind2="2" tag="740">
         <subfield code="a">Pulse disco.</subfield>
      </datafield>
      <datafield ind1="0" ind2="2" tag="740">
         <subfield code="a">Medium rock ballad.</subfield>
      </datafield>
      <datafield ind1="0" ind2="2" tag="740">
         <subfield code="a">Medium rock shuffle.</subfield>
      </datafield>
      <datafield ind1="0" ind2="2" tag="740">
         <subfield code="a">Reggae.</subfield>
      </datafield>
      <datafield ind1="0" ind2="2" tag="740">
         <subfield code="a">Jazz fusion.</subfield>
      </datafield>
      <datafield ind1="0" ind2="2" tag="740">
         <subfield code="a">Hard rock.</subfield>
      </datafield>
      <datafield ind1="0" ind2="2" tag="740">
         <subfield code="a">Country rock.</subfield>
      </datafield>
      <datafield ind1="0" ind2="2" tag="740">
         <subfield code="a">Sychopated funk.</subfield>
      </datafield>
      <datafield ind1="0" ind2="2" tag="740">
         <subfield code="a">Country rock ballad.</subfield>
      </datafield>
      <datafield ind1="0" ind2=" " tag="948">
         <subfield code="a">20170104</subfield>
         <subfield code="b">i</subfield>
         <subfield code="d">rc28</subfield>
         <subfield code="e">lts</subfield>
         <subfield code="h">?</subfield>
      </datafield>
      <datafield ind1="1" ind2=" " tag="948">
         <subfield code="a">20170104</subfield>
         <subfield code="b">c</subfield>
         <subfield code="d">rc28</subfield>
         <subfield code="e">lts</subfield>
      </datafield>
      <datafield ind1=" " ind2=" " tag="994">
         <subfield code="a">C0</subfield>
         <subfield code="b">COO</subfield>
      </datafield>
   </record>