
   <record>
      <leader>02452cjm a2200589Ia 4500</leader>
      <controlfield tag="001">9756614</controlfield>
      <controlfield tag="005">20170113204259.0</controlfield>
      <controlfield tag="007">sd bsmen||||||</controlfield>
      <controlfield tag="008">930917s1977    cauzznn  i        n zxx d</controlfield>
      <datafield ind1="0" ind2="2" tag="028">
         <subfield code="a">AVL-6008</subfield>
         <subfield code="b">A.V.I. Records</subfield>
      </datafield>
      <datafield ind1=" " ind2=" " tag="035">
         <subfield code="a">(OCoLC)28840468</subfield>
      </datafield>
      <datafield ind1=" " ind2=" " tag="035">
         <subfield code="a">9756614</subfield>
      </datafield>
      <datafield ind1=" " ind2=" " tag="040">
         <subfield code="a">PMC</subfield>
         <subfield code="b">eng</subfield>
         <subfield code="c">PMC</subfield>
         <subfield code="d">OCL</subfield>
         <subfield code="d">OCLCQ</subfield>
         <subfield code="d">OCLCF</subfield>
         <subfield code="d">OCLCO</subfield>
         <subfield code="d">OCLCQ</subfield>
         <subfield code="d">COO</subfield>
      </datafield>
      <datafield ind1=" " ind2=" " tag="048">
         <subfield code="a">ka01</subfield>
         <subfield code="a">ea</subfield>
         <subfield code="a">kz01</subfield>
         <subfield code="a">kc01</subfield>
         <subfield code="a">pd</subfield>
         <subfield code="a">pa</subfield>
         <subfield code="a">pn</subfield>
         <subfield code="a">tb</subfield>
         <subfield code="a">bb01</subfield>
         <subfield code="a">bz01</subfield>
         <subfield code="a">bd01</subfield>
         <subfield code="a">wi02</subfield>
         <subfield code="a">wa01</subfield>
         <subfield code="a">pz</subfield>
         <subfield code="a">ez</subfield>
      </datafield>
      <datafield ind1="2" ind2=" " tag="110">
         <subfield code="a">In Search of Orchestra.</subfield>
         <subfield code="4">prf</subfield>
      </datafield>
      <datafield ind1="1" ind2="0" tag="245">
         <subfield code="a">In search of ...  /</subfield>
         <subfield code="c">In Search Of" Orchestra.</subfield>
      </datafield>
      <datafield ind1="1" ind2=" " tag="246">
         <subfield code="i">Title from cover:</subfield>
         <subfield code="a">Music from 'In search of ...' :</subfield>
         <subfield code="b">music themes from and inspired by the series</subfield>
      </datafield>
      <datafield ind1=" " ind2=" " tag="260">
         <subfield code="a">Los Angeles :</subfield>
         <subfield code="b">A.V.I. Records,</subfield>
         <subfield code="c">&amp;#8471;1977.</subfield>
      </datafield>
      <datafield ind1=" " ind2=" " tag="300">
         <subfield code="a">1 audio disc (43 min., 55 sec.) :</subfield>
         <subfield code="b">analog, 33 1/3 rpm, stereo ;</subfield>
         <subfield code="c">12 in.</subfield>
      </datafield>
      <datafield ind1=" " ind2=" " tag="306">
         <subfield code="a">004355</subfield>
      </datafield>
      <datafield ind1=" " ind2=" " tag="336">
         <subfield code="a">performed music</subfield>
         <subfield code="b">prm</subfield>
         <subfield code="2">rdacontent</subfield>
      </datafield>
      <datafield ind1=" " ind2=" " tag="337">
         <subfield code="a">audio</subfield>
         <subfield code="b">s</subfield>
         <subfield code="2">rdamedia</subfield>
      </datafield>
      <datafield ind1=" " ind2=" " tag="338">
         <subfield code="a">audio disc</subfield>
         <subfield code="b">sd</subfield>
         <subfield code="2">rdacarrier</subfield>
      </datafield>
      <datafield ind1=" " ind2=" " tag="340">
         <subfield code="a">vinyl</subfield>
         <subfield code="b">12 in.</subfield>
         <subfield code="2">rda</subfield>
      </datafield>
      <datafield ind1=" " ind2=" " tag="500">
         <subfield code="a">Title from disc label.</subfield>
      </datafield>
      <datafield ind1=" " ind2=" " tag="500">
         <subfield code="a">Durations on labels and slipcase.</subfield>
      </datafield>
      <datafield ind1=" " ind2=" " tag="500">
         <subfield code="a">Cover title: Music from "In search of ..."</subfield>
      </datafield>
      <datafield ind1=" " ind2=" " tag="500">
         <subfield code="a">"Nazca lines" by Steve Stewart ; all other selections by Michael Lewis and Laurin Rinder.</subfield>
      </datafield>
      <datafield ind1=" " ind2=" " tag="508">
         <subfield code="a">Produced by W. Michael Lewis and Laurin Rinder.</subfield>
      </datafield>
      <datafield ind1="0" ind2=" " tag="511">
         <subfield code="a">In Search Of Orchestra.</subfield>
      </datafield>
      <datafield ind1=" " ind2=" " tag="500">
         <subfield code="a">Jacket notes by Leonard Nimoy.</subfield>
      </datafield>
      <datafield ind1="0" ind2=" " tag="505">
         <subfield code="a">Time traveler (8:27) -- A taste of ghosts (0:50) -- Phenomena theme (5:44) -- An Atlantean dream (6:54) -- The rise and fall of Vlad Dracula (8:00) -- In search of ... (5:18) -- Nazca lines (2:58) -- Easter Island suite (2:50) -- Afterthought (2:54).</subfield>
      </datafield>
      <datafield ind1=" " ind2="0" tag="650">
         <subfield code="a">Jazz.</subfield>
      </datafield>
      <datafield ind1=" " ind2="0" tag="650">
         <subfield code="a">Funk (Music)</subfield>
      </datafield>
      <datafield ind1=" " ind2="0" tag="650">
         <subfield code="a">Soul music.</subfield>
      </datafield>
      <datafield ind1=" " ind2="0" tag="650">
         <subfield code="a">Television music</subfield>
         <subfield code="v">Excerpts.</subfield>
      </datafield>
      <datafield ind1=" " ind2="7" tag="650">
         <subfield code="a">Television music</subfield>
         <subfield code="x">Excerpts.</subfield>
         <subfield code="2">fast</subfield>
         <subfield code="0">(OCoLC)fst01426788</subfield>
      </datafield>
      <datafield ind1="1" ind2=" " tag="700">
         <subfield code="a">Stewart, Steve,</subfield>
         <subfield code="e">composer.</subfield>
      </datafield>
      <datafield ind1="1" ind2=" " tag="700">
         <subfield code="a">Lewis, W. Michael,</subfield>
         <subfield code="e">composer.</subfield>
      </datafield>
      <datafield ind1="1" ind2=" " tag="700">
         <subfield code="a">Rinder, Laurin,</subfield>
         <subfield code="e">composer.</subfield>
      </datafield>
      <datafield ind1="2" ind2=" " tag="710">
         <subfield code="i">Contained in:</subfield>
         <subfield code="a">Afrika Bambaataa Hip Hop Archive.</subfield>
         <subfield code="b">Annotated LPs.</subfield>
         <subfield code="5">NIC</subfield>
      </datafield>
      <datafield ind1="0" ind2="2" tag="740">
         <subfield code="a">Time traveler.</subfield>
      </datafield>
      <datafield ind1="0" ind2="2" tag="740">
         <subfield code="a">Taste of ghosts.</subfield>
      </datafield>
      <datafield ind1="0" ind2="2" tag="740">
         <subfield code="a">Phenomena theme.</subfield>
      </datafield>
      <datafield ind1="0" ind2="2" tag="740">
         <subfield code="a">Atlantean dream.</subfield>
      </datafield>
      <datafield ind1="0" ind2="2" tag="740">
         <subfield code="a">Rise and fall of Vlad Dracula.</subfield>
      </datafield>
      <datafield ind1="0" ind2="2" tag="740">
         <subfield code="a">Nazca lines.</subfield>
      </datafield>
      <datafield ind1="0" ind2="2" tag="740">
         <subfield code="a">Easter Island suite.</subfield>
      </datafield>
      <datafield ind1="0" ind2="2" tag="740">
         <subfield code="a">Afterthought.</subfield>
      </datafield>
      <datafield ind1="0" ind2=" " tag="948">
         <subfield code="a">20170106</subfield>
         <subfield code="b">i</subfield>
         <subfield code="d">bak24</subfield>
         <subfield code="e">lts</subfield>
      </datafield>
      <datafield ind1="1" ind2=" " tag="948">
         <subfield code="a">20170106</subfield>
         <subfield code="b">c</subfield>
         <subfield code="d">bak24</subfield>
         <subfield code="e">lts</subfield>
      </datafield>
      <datafield ind1="2" ind2=" " tag="948">
         <subfield code="a">20170113</subfield>
         <subfield code="b">m</subfield>
         <subfield code="d">batch</subfield>
         <subfield code="e">lts</subfield>
         <subfield code="x">deloclcprefix</subfield>
      </datafield>
   </record>