
   <record>
      <leader>01804cjm a2200397Ia 4500</leader>
      <controlfield tag="001">9756616</controlfield>
      <controlfield tag="005">20170113204302.0</controlfield>
      <controlfield tag="007">sd bsmenn|||ne</controlfield>
      <controlfield tag="008">780224p19771976nyumunn           n eng d</controlfield>
      <datafield ind1="0" ind2="2" tag="028">
         <subfield code="a">COC 2-9001</subfield>
         <subfield code="b">Rolling Stones</subfield>
      </datafield>
      <datafield ind1="2" ind2="0" tag="033">
         <subfield code="a">1976----</subfield>
         <subfield code="a">1977----</subfield>
      </datafield>
      <datafield ind1=" " ind2=" " tag="035">
         <subfield code="a">(OCoLC)3666925</subfield>
      </datafield>
      <datafield ind1=" " ind2=" " tag="035">
         <subfield code="a">9756616</subfield>
      </datafield>
      <datafield ind1=" " ind2=" " tag="040">
         <subfield code="a">GZK</subfield>
         <subfield code="b">eng</subfield>
         <subfield code="c">GZK</subfield>
         <subfield code="d">BGU</subfield>
         <subfield code="d">OCL</subfield>
         <subfield code="d">OCLCQ</subfield>
         <subfield code="d">OCLCG</subfield>
         <subfield code="d">IXA</subfield>
         <subfield code="d">TBS</subfield>
         <subfield code="d">OCLCQ</subfield>
         <subfield code="d">OCLCF</subfield>
         <subfield code="d">OCL</subfield>
         <subfield code="d">OCLCQ</subfield>
      </datafield>
      <datafield ind1=" " ind2=" " tag="045">
         <subfield code="a">x5x7</subfield>
      </datafield>
      <datafield ind1=" " ind2=" " tag="047">
         <subfield code="a">bl</subfield>
         <subfield code="a">rc</subfield>
      </datafield>
      <datafield ind1="0" ind2="4" tag="082">
         <subfield code="a">784.3</subfield>
      </datafield>
      <datafield ind1="2" ind2=" " tag="110">
         <subfield code="a">Rolling Stones.</subfield>
         <subfield code="4">prf</subfield>
      </datafield>
      <datafield ind1="1" ind2="0" tag="245">
         <subfield code="a">Love you live /</subfield>
         <subfield code="c">the Rolling Stones.</subfield>
      </datafield>
      <datafield ind1=" " ind2=" " tag="260">
         <subfield code="a">New York :</subfield>
         <subfield code="b">Rolling Stones Records,</subfield>
         <subfield code="c">&amp;#8471;1977.</subfield>
      </datafield>
      <datafield ind1=" " ind2=" " tag="300">
         <subfield code="a">2 audio discs (81 min.) :</subfield>
         <subfield code="b">analog, 33 1/3 rpm, stereo ;</subfield>
         <subfield code="c">12 in.</subfield>
      </datafield>
      <datafield ind1=" " ind2=" " tag="336">
         <subfield code="a">performed music</subfield>
         <subfield code="b">prm</subfield>
         <subfield code="2">rdacontent</subfield>
      </datafield>
      <datafield ind1=" " ind2=" " tag="337">
         <subfield code="a">audio</subfield>
         <subfield code="b">s</subfield>
         <subfield code="2">rdamedia</subfield>
      </datafield>
      <datafield ind1=" " ind2=" " tag="338">
         <subfield code="a">audio disc</subfield>
         <subfield code="b">sd</subfield>
         <subfield code="2">rdacarrier</subfield>
      </datafield>
      <datafield ind1="0" ind2=" " tag="511">
         <subfield code="a">Rock and blues music; written mainly by Keith Richard and Mick Jagger ; performed by the Rolling Stones.</subfield>
      </datafield>
      <datafield ind1=" " ind2=" " tag="518">
         <subfield code="a">Recorded in Paris and Toronto, 1976-1977.</subfield>
      </datafield>
      <datafield ind1="0" ind2="0" tag="505">
         <subfield code="g">Intro --</subfield>
         <subfield code="t">Honky tonk women --</subfield>
         <subfield code="t">If you can't rock me --</subfield>
         <subfield code="t">Get off my cloud --</subfield>
         <subfield code="t">Happy --</subfield>
         <subfield code="t">Hot stuff --</subfield>
         <subfield code="t">Star star --</subfield>
         <subfield code="t">Tumbling dice --</subfield>
         <subfield code="t">Fingerprint file --</subfield>
         <subfield code="t">You gotta move --</subfield>
         <subfield code="t">You can't always get what you want --</subfield>
         <subfield code="t">Mannish boy --</subfield>
         <subfield code="t">Crackin' up --</subfield>
         <subfield code="t">Little red rooster --</subfield>
         <subfield code="t">Around and around --</subfield>
         <subfield code="t">It's only rock 'n' roll --</subfield>
         <subfield code="t">Brown sugar --</subfield>
         <subfield code="t">Jumping Jack Flash --</subfield>
         <subfield code="t">Sympathy for the devil.</subfield>
      </datafield>
      <datafield ind1=" " ind2="0" tag="650">
         <subfield code="a">Rock music</subfield>
         <subfield code="y">1971-1980.</subfield>
      </datafield>
      <datafield ind1=" " ind2="7" tag="650">
         <subfield code="a">Rock music.</subfield>
         <subfield code="2">fast</subfield>
         <subfield code="0">(OCoLC)fst01099204</subfield>
      </datafield>
      <datafield ind1=" " ind2="7" tag="648">
         <subfield code="a">1971-1980</subfield>
         <subfield code="2">fast</subfield>
      </datafield>
      <datafield ind1="1" ind2=" " tag="700">
         <subfield code="a">Jagger, Mick.</subfield>
         <subfield code="4">prf</subfield>
      </datafield>
      <datafield ind1="1" ind2=" " tag="700">
         <subfield code="a">Richards, Keith,</subfield>
         <subfield code="d">1943-</subfield>
         <subfield code="4">prf</subfield>
      </datafield>
      <datafield ind1="2" ind2=" " tag="710">
         <subfield code="i">Contained in:</subfield>
         <subfield code="a">Afrika Bambaataa Hip Hop Archive.</subfield>
         <subfield code="b">Annotated LPs.</subfield>
         <subfield code="5">NIC</subfield>
      </datafield>
      <datafield ind1="0" ind2=" " tag="948">
         <subfield code="a">20170106</subfield>
         <subfield code="b">i</subfield>
         <subfield code="d">bak24</subfield>
         <subfield code="e">lts</subfield>
      </datafield>
      <datafield ind1="1" ind2=" " tag="948">
         <subfield code="a">20170106</subfield>
         <subfield code="b">c</subfield>
         <subfield code="d">bak24</subfield>
         <subfield code="e">lts</subfield>
      </datafield>
      <datafield ind1="2" ind2=" " tag="948">
         <subfield code="a">20170113</subfield>
         <subfield code="b">m</subfield>
         <subfield code="d">batch</subfield>
         <subfield code="e">lts</subfield>
         <subfield code="x">deloclcprefix</subfield>
      </datafield>
   </record>