
   <record>
      <leader>02308cjm a2200493Ii 4500</leader>
      <controlfield tag="001">9757792</controlfield>
      <controlfield tag="005">20170113073837.0</controlfield>
      <controlfield tag="007">sd bsmenn||||e</controlfield>
      <controlfield tag="008">170111s1970    miuzznn  f        n eng d</controlfield>
      <datafield ind1="0" ind2="2" tag="028">
         <subfield code="a">TS-0001</subfield>
         <subfield code="b">Tay-Ster</subfield>
      </datafield>
      <datafield ind1=" " ind2=" " tag="035">
         <subfield code="a">(OCoLC)968205270</subfield>
      </datafield>
      <datafield ind1=" " ind2=" " tag="035">
         <subfield code="a">9757792</subfield>
      </datafield>
      <datafield ind1=" " ind2=" " tag="040">
         <subfield code="a">COO</subfield>
         <subfield code="b">eng</subfield>
         <subfield code="c">COO</subfield>
         <subfield code="d">COO</subfield>
      </datafield>
      <datafield ind1="1" ind2=" " tag="100">
         <subfield code="a">Tolbert, O. C.</subfield>
      </datafield>
      <datafield ind1="1" ind2="0" tag="245">
         <subfield code="a">Damn Sam the Miracle Man and the Soul Congregation</subfield>
         <subfield code="h">[sound recording] /</subfield>
         <subfield code="c">Damn Sam The Miracle Man And The Soul Congregation.</subfield>
      </datafield>
      <datafield ind1=" " ind2="1" tag="264">
         <subfield code="a">Detroit, Michigan :</subfield>
         <subfield code="b">Tay-Ster,</subfield>
         <subfield code="c">[1970]</subfield>
      </datafield>
      <datafield ind1=" " ind2=" " tag="300">
         <subfield code="a">1 audio disc ;</subfield>
         <subfield code="c">12 in.</subfield>
      </datafield>
      <datafield ind1=" " ind2=" " tag="336">
         <subfield code="a">performed music</subfield>
         <subfield code="b">prm</subfield>
         <subfield code="2">rdacontent</subfield>
      </datafield>
      <datafield ind1=" " ind2=" " tag="337">
         <subfield code="a">audio</subfield>
         <subfield code="b">s</subfield>
         <subfield code="2">rdamedia</subfield>
      </datafield>
      <datafield ind1=" " ind2=" " tag="338">
         <subfield code="a">audio disc</subfield>
         <subfield code="b">sd</subfield>
         <subfield code="2">rdacarrier</subfield>
      </datafield>
      <datafield ind1=" " ind2=" " tag="340">
         <subfield code="a">vinyl</subfield>
         <subfield code="b">12 in.</subfield>
         <subfield code="2">rda</subfield>
      </datafield>
      <datafield ind1=" " ind2=" " tag="344">
         <subfield code="b">analog</subfield>
         <subfield code="c">33 1/3 rpm</subfield>
         <subfield code="g">stereo</subfield>
         <subfield code="2">rda</subfield>
      </datafield>
      <datafield ind1=" " ind2=" " tag="500">
         <subfield code="a">Liner notes: The O.C. Tolbert story on container by Jahim Jones.</subfield>
      </datafield>
      <datafield ind1=" " ind2=" " tag="508">
         <subfield code="a">Producer: Jack Taylor.</subfield>
      </datafield>
      <datafield ind1="0" ind2=" " tag="511">
         <subfield code="a">Damn Sam the Miracle Man and the Soul Congregation.</subfield>
      </datafield>
      <datafield ind1="0" ind2=" " tag="505">
         <subfield code="a">Give me another joint / Love Star ; Taylor (4:10) -- Let me be your only man / Childs ; Tolbert ; Brown ; Taylor (4:40) -- L.A. 26000 / Soul Congregation ; Taylor (3:05) -- Poor Mary / Love Star ; Taylor (3:55) -- Damn Sam The Miracle Man / Love Star ; Taylor (3:43) -- Smash / Soul Congregation ; Taylor (3:47) -- Music makes you feel all right / Love Star ; Taylor (3:30) -- B.J. / Soul Congregation ; Taylor -- Rainy night in Georgia / Tony White (5:10) -- Sonny B. / Soul Congregation (3:30) .</subfield>
      </datafield>
      <datafield ind1=" " ind2="0" tag="650">
         <subfield code="a">Funk (Music)</subfield>
      </datafield>
      <datafield ind1=" " ind2="0" tag="650">
         <subfield code="a">Soul music.</subfield>
      </datafield>
      <datafield ind1=" " ind2="7" tag="655">
         <subfield code="a">Funk (Music)</subfield>
         <subfield code="2">lcgft</subfield>
      </datafield>
      <datafield ind1=" " ind2="7" tag="655">
         <subfield code="a">Soul music.</subfield>
         <subfield code="2">lcgft</subfield>
      </datafield>
      <datafield ind1="2" ind2=" " tag="710">
         <subfield code="i">Contained in:</subfield>
         <subfield code="a">Afrika Bambaataa Hip Hop Archive.</subfield>
         <subfield code="b">Annotated LPs.</subfield>
         <subfield code="5">NIC</subfield>
      </datafield>
      <datafield ind1="2" ind2=" " tag="710">
         <subfield code="a">Soul Congregation (Musical group)</subfield>
      </datafield>
      <datafield ind1="0" ind2="2" tag="740">
         <subfield code="a">Give me another joint.</subfield>
      </datafield>
      <datafield ind1="0" ind2="2" tag="740">
         <subfield code="a">Let me be your only man.</subfield>
      </datafield>
      <datafield ind1="0" ind2="2" tag="740">
         <subfield code="a">L.A. 26000.</subfield>
      </datafield>
      <datafield ind1="0" ind2="2" tag="740">
         <subfield code="a">Poor Mary.</subfield>
      </datafield>
      <datafield ind1="0" ind2="2" tag="740">
         <subfield code="a">Damn Sam The Miracle Man.</subfield>
      </datafield>
      <datafield ind1="0" ind2="2" tag="740">
         <subfield code="a">Smash.</subfield>
      </datafield>
      <datafield ind1="0" ind2="2" tag="740">
         <subfield code="a">Music makes you feel all right.</subfield>
      </datafield>
      <datafield ind1="0" ind2="2" tag="740">
         <subfield code="a">Soul Congregation.</subfield>
      </datafield>
      <datafield ind1="0" ind2="2" tag="740">
         <subfield code="a">Rainy night in Georgia.</subfield>
      </datafield>
      <datafield ind1="0" ind2="2" tag="740">
         <subfield code="a">Sonny B.</subfield>
      </datafield>
      <datafield ind1="4" ind2="2" tag="856">
         <subfield code="i">Description with image:</subfield>
         <subfield code="u">https://www.discogs.com/Damn-Sam-The-Miracle-Man-And-The-Soul-Congregation-Damn-Sam-The-Miracle-Man-And-The-Soul-Congregatio/release/1662310</subfield>
      </datafield>
      <datafield ind1="2" ind2=" " tag="948">
         <subfield code="a">20170113</subfield>
         <subfield code="b">m</subfield>
         <subfield code="d">batch</subfield>
         <subfield code="e">lts</subfield>
         <subfield code="x">deloclcprefix</subfield>
      </datafield>
   </record>