
   <record>
      <leader>01096cjm a22003254a 4500</leader>
      <controlfield tag="001">9757796</controlfield>
      <controlfield tag="005">20170113073837.0</controlfield>
      <controlfield tag="007">sd bsmennmplue</controlfield>
      <controlfield tag="008">050610s1978    nyuppnn           n eng</controlfield>
      <datafield ind1=" " ind2=" " tag="010">
         <subfield code="a">2005589505</subfield>
      </datafield>
      <datafield ind1="0" ind2="2" tag="028">
         <subfield code="a">MLPS-7779</subfield>
         <subfield code="b">Mango Records</subfield>
      </datafield>
      <datafield ind1=" " ind2=" " tag="035">
         <subfield code="a">(OCoLC)60635334</subfield>
      </datafield>
      <datafield ind1=" " ind2=" " tag="035">
         <subfield code="a">9757796</subfield>
      </datafield>
      <datafield ind1=" " ind2=" " tag="040">
         <subfield code="a">DLC</subfield>
         <subfield code="b">eng</subfield>
         <subfield code="c">DLC</subfield>
         <subfield code="d">OCLCQ</subfield>
         <subfield code="d">OCLCF</subfield>
         <subfield code="d">OCLCO</subfield>
         <subfield code="d">OCLCQ</subfield>
      </datafield>
      <datafield ind1=" " ind2=" " tag="042">
         <subfield code="a">pcc</subfield>
      </datafield>
      <datafield ind1="2" ind2=" " tag="110">
         <subfield code="a">Gibson Brothers (Musical group)</subfield>
         <subfield code="4">prf</subfield>
      </datafield>
      <datafield ind1="1" ind2="0" tag="245">
         <subfield code="a">Cuba ;</subfield>
         <subfield code="b">Cuba : instrumental.</subfield>
      </datafield>
      <datafield ind1=" " ind2=" " tag="260">
         <subfield code="a">New York :</subfield>
         <subfield code="b">Mango Records,</subfield>
         <subfield code="c">&amp;#8471;1978.</subfield>
      </datafield>
      <datafield ind1=" " ind2=" " tag="300">
         <subfield code="a">1 audio disc :</subfield>
         <subfield code="b">analog, 33 1/3 rpm, stereo ;</subfield>
         <subfield code="c">12 in.</subfield>
      </datafield>
      <datafield ind1=" " ind2=" " tag="336">
         <subfield code="a">performed music</subfield>
         <subfield code="b">prm</subfield>
         <subfield code="2">rdacontent</subfield>
      </datafield>
      <datafield ind1=" " ind2=" " tag="337">
         <subfield code="a">audio</subfield>
         <subfield code="b">s</subfield>
         <subfield code="2">rdamedia</subfield>
      </datafield>
      <datafield ind1=" " ind2=" " tag="338">
         <subfield code="a">audio disc</subfield>
         <subfield code="b">sd</subfield>
         <subfield code="2">rdacarrier</subfield>
      </datafield>
      <datafield ind1="0" ind2=" " tag="511">
         <subfield code="a">Gibson Brothers.</subfield>
      </datafield>
      <datafield ind1=" " ind2="0" tag="650">
         <subfield code="a">Salsa (Music)</subfield>
      </datafield>
      <datafield ind1=" " ind2="7" tag="650">
         <subfield code="a">Salsa (Music)</subfield>
         <subfield code="2">fast</subfield>
         <subfield code="0">(OCoLC)fst01104208</subfield>
      </datafield>
      <datafield ind1="0" ind2=" " tag="700">
         <subfield code="a">Afrika Bambaataa,</subfield>
         <subfield code="d">1957-</subfield>
         <subfield code="e">signer.</subfield>
      </datafield>
      <datafield ind1="2" ind2=" " tag="710">
         <subfield code="i">Contained in:</subfield>
         <subfield code="a">Afrika Bambaataa Hip Hop Archive.</subfield>
         <subfield code="b">Annotated LPs.</subfield>
         <subfield code="5">NIC</subfield>
      </datafield>
      <datafield ind1="0" ind2=" " tag="948">
         <subfield code="a">20170111</subfield>
         <subfield code="b">i</subfield>
         <subfield code="d">bak24</subfield>
         <subfield code="e">lts</subfield>
      </datafield>
      <datafield ind1="1" ind2=" " tag="948">
         <subfield code="a">20170111</subfield>
         <subfield code="b">c</subfield>
         <subfield code="d">bak24</subfield>
         <subfield code="e">lts</subfield>
      </datafield>
      <datafield ind1="2" ind2=" " tag="948">
         <subfield code="a">20170113</subfield>
         <subfield code="b">m</subfield>
         <subfield code="d">batch</subfield>
         <subfield code="e">lts</subfield>
         <subfield code="x">deloclcprefix</subfield>
      </datafield>
   </record>